%YAML 1.1
%TAG !u! tag:unity3d.com,2011:
--- !u!1 &2659602283568077988
GameObject:
  m_ObjectHideFlags: 0
  m_CorrespondingSourceObject: {fileID: 0}
  m_PrefabInstance: {fileID: 0}
  m_PrefabAsset: {fileID: 0}
  serializedVersion: 6
  m_Component:
  - component: {fileID: 6193291778175594326}
  - component: {fileID: 7961169383325528456}
  - component: {fileID: 258373393590802496}
  m_Layer: 5
  m_Name: Image
  m_TagString: Untagged
  m_Icon: {fileID: 0}
  m_NavMeshLayer: 0
  m_StaticEditorFlags: 0
  m_IsActive: 1
--- !u!224 &6193291778175594326
RectTransform:
  m_ObjectHideFlags: 0
  m_CorrespondingSourceObject: {fileID: 0}
  m_PrefabInstance: {fileID: 0}
  m_PrefabAsset: {fileID: 0}
  m_GameObject: {fileID: 2659602283568077988}
  m_LocalRotation: {x: 0, y: 0, z: 0, w: 1}
  m_LocalPosition: {x: 0, y: 0, z: 0}
  m_LocalScale: {x: 1, y: 1, z: 1}
  m_ConstrainProportionsScale: 0
  m_Children: []
  m_Father: {fileID: 2040826080849655125}
  m_RootOrder: 0
  m_LocalEulerAnglesHint: {x: 0, y: 0, z: 0}
  m_AnchorMin: {x: 0.5, y: 0.5}
  m_AnchorMax: {x: 0.5, y: 0.5}
  m_AnchoredPosition: {x: 0, y: 0}
  m_SizeDelta: {x: 10.466666, y: 11.833333}
  m_Pivot: {x: 0.5, y: 0.5}
--- !u!222 &7961169383325528456
CanvasRenderer:
  m_ObjectHideFlags: 0
  m_CorrespondingSourceObject: {fileID: 0}
  m_PrefabInstance: {fileID: 0}
  m_PrefabAsset: {fileID: 0}
  m_GameObject: {fileID: 2659602283568077988}
  m_CullTransparentMesh: 1
--- !u!114 &258373393590802496
MonoBehaviour:
  m_ObjectHideFlags: 0
  m_CorrespondingSourceObject: {fileID: 0}
  m_PrefabInstance: {fileID: 0}
  m_PrefabAsset: {fileID: 0}
  m_GameObject: {fileID: 2659602283568077988}
  m_Enabled: 1
  m_EditorHideFlags: 0
  m_Script: {fileID: 11500000, guid: fe87c0e1cc204ed48ad3b37840f39efc, type: 3}
  m_Name: 
  m_EditorClassIdentifier: 
  m_Material: {fileID: 0}
  m_Color: {r: 1, g: 1, b: 1, a: 1}
  m_RaycastTarget: 1
  m_RaycastPadding: {x: 0, y: 0, z: 0, w: 0}
  m_Maskable: 1
  m_OnCullStateChanged:
    m_PersistentCalls:
      m_Calls: []
  m_Sprite: {fileID: 21300000, guid: 71d5a6c19d1bc6443a76925753df4188, type: 3}
  m_Type: 0
  m_PreserveAspect: 0
  m_FillCenter: 1
  m_FillMethod: 4
  m_FillAmount: 1
  m_FillClockwise: 1
  m_FillOrigin: 0
  m_UseSpriteMesh: 0
  m_PixelsPerUnitMultiplier: 1
--- !u!1 &2674895176413096424
GameObject:
  m_ObjectHideFlags: 0
  m_CorrespondingSourceObject: {fileID: 0}
  m_PrefabInstance: {fileID: 0}
  m_PrefabAsset: {fileID: 0}
  serializedVersion: 6
  m_Component:
  - component: {fileID: 2040826080849655125}
  - component: {fileID: 2391878480117373033}
  - component: {fileID: 2221959831685492195}
  - component: {fileID: 7248363196953237575}
  - component: {fileID: 6817176585088154998}
  m_Layer: 5
  m_Name: Hand Canvas
  m_TagString: Untagged
  m_Icon: {fileID: 0}
  m_NavMeshLayer: 0
  m_StaticEditorFlags: 0
  m_IsActive: 1
--- !u!224 &2040826080849655125
RectTransform:
  m_ObjectHideFlags: 0
  m_CorrespondingSourceObject: {fileID: 0}
  m_PrefabInstance: {fileID: 0}
  m_PrefabAsset: {fileID: 0}
  m_GameObject: {fileID: 2674895176413096424}
  m_LocalRotation: {x: -0.00000037252903, y: 1, z: 0.00000035762787, w: 0.0000028461218}
  m_LocalPosition: {x: 0, y: 0, z: 0}
  m_LocalScale: {x: -0.015, y: 0.015, z: 1}
  m_ConstrainProportionsScale: 0
  m_Children:
  - {fileID: 6193291778175594326}
  m_Father: {fileID: 0}
  m_RootOrder: 0
  m_LocalEulerAnglesHint: {x: 0.001, y: 90, z: 90}
  m_AnchorMin: {x: 0, y: 0}
  m_AnchorMax: {x: 0, y: 0}
  m_AnchoredPosition: {x: 0, y: 0}
  m_SizeDelta: {x: 10, y: 10}
  m_Pivot: {x: 0.5, y: 0.5}
--- !u!223 &2391878480117373033
Canvas:
  m_ObjectHideFlags: 0
  m_CorrespondingSourceObject: {fileID: 0}
  m_PrefabInstance: {fileID: 0}
  m_PrefabAsset: {fileID: 0}
  m_GameObject: {fileID: 2674895176413096424}
  m_Enabled: 1
  serializedVersion: 3
  m_RenderMode: 2
  m_Camera: {fileID: 0}
  m_PlaneDistance: 100
  m_PixelPerfect: 0
  m_ReceivesEvents: 1
  m_OverrideSorting: 0
  m_OverridePixelPerfect: 0
  m_SortingBucketNormalizedSize: 0
  m_AdditionalShaderChannelsFlag: 25
  m_SortingLayerID: 0
  m_SortingOrder: 0
  m_TargetDisplay: 0
--- !u!114 &2221959831685492195
MonoBehaviour:
  m_ObjectHideFlags: 0
  m_CorrespondingSourceObject: {fileID: 0}
  m_PrefabInstance: {fileID: 0}
  m_PrefabAsset: {fileID: 0}
  m_GameObject: {fileID: 2674895176413096424}
  m_Enabled: 1
  m_EditorHideFlags: 0
  m_Script: {fileID: 11500000, guid: 0cd44c1031e13a943bb63640046fad76, type: 3}
  m_Name: 
  m_EditorClassIdentifier: 
  m_UiScaleMode: 0
  m_ReferencePixelsPerUnit: 100
  m_ScaleFactor: 1
  m_ReferenceResolution: {x: 800, y: 600}
  m_ScreenMatchMode: 0
  m_MatchWidthOrHeight: 0
  m_PhysicalUnit: 3
  m_FallbackScreenDPI: 96
  m_DefaultSpriteDPI: 96
  m_DynamicPixelsPerUnit: 1
  m_PresetInfoIsWorld: 1
--- !u!114 &7248363196953237575
MonoBehaviour:
  m_ObjectHideFlags: 0
  m_CorrespondingSourceObject: {fileID: 0}
  m_PrefabInstance: {fileID: 0}
  m_PrefabAsset: {fileID: 0}
  m_GameObject: {fileID: 2674895176413096424}
  m_Enabled: 1
  m_EditorHideFlags: 0
  m_Script: {fileID: 11500000, guid: 4d0390bd8b8ffd640b34fe25065ff1df, type: 3}
  m_Name: 
  m_EditorClassIdentifier: 
  updateType: 0
  isSpeedBased: 0
  hasOnStart: 0
  hasOnPlay: 0
  hasOnUpdate: 0
  hasOnStepComplete: 0
  hasOnComplete: 0
  hasOnTweenCreated: 0
  hasOnRewind: 0
  onStart:
    m_PersistentCalls:
      m_Calls: []
  onPlay:
    m_PersistentCalls:
      m_Calls: []
  onUpdate:
    m_PersistentCalls:
      m_Calls: []
  onStepComplete:
    m_PersistentCalls:
      m_Calls: []
  onComplete:
    m_PersistentCalls:
      m_Calls: []
  onTweenCreated:
    m_PersistentCalls:
      m_Calls: []
  onRewind:
    m_PersistentCalls:
      m_Calls: []
  targetIsSelf: 1
  targetGO: {fileID: 0}
  tweenTargetIsTargetGO: 1
  delay: 0
  duration: 1
  easeType: 1
  easeCurve:
    serializedVersion: 2
    m_Curve:
    - serializedVersion: 3
      time: 0
      value: 0
      inSlope: 0
      outSlope: 0
      tangentMode: 0
      weightedMode: 0
      inWeight: 0
      outWeight: 0
    - serializedVersion: 3
      time: 1
      value: 1
      inSlope: 0
      outSlope: 0
      tangentMode: 0
      weightedMode: 0
      inWeight: 0
      outWeight: 0
    m_PreInfinity: 2
    m_PostInfinity: 2
    m_RotationOrder: 4
  loopType: 2
  loops: -1
  id: 
  isRelative: 0
  isFrom: 0
  isIndependentUpdate: 0
  autoKill: 0
  autoGenerate: 1
  isActive: 1
  isValid: 1
  target: {fileID: 2040826080849655125}
  animationType: 3
  targetType: 11
  forcedTargetType: 0
  autoPlay: 1
  useTargetAsV3: 0
  endValueFloat: 0
  endValueV3: {x: 0, y: 180, z: 0}
  endValueV2: {x: 0, y: 0}
  endValueColor: {r: 1, g: 1, b: 1, a: 1}
  endValueString: 
  endValueRect:
    serializedVersion: 2
    x: 0
    y: 0
    width: 0
    height: 0
  endValueTransform: {fileID: 0}
  optionalBool0: 0
  optionalBool1: 0
  optionalFloat0: 0
  optionalInt0: 0
  optionalRotationMode: 0
  optionalScrambleMode: 0
  optionalShakeRandomnessMode: 0
  optionalString: 
--- !u!1818360608 &6817176585088154998
PositionConstraint:
  m_ObjectHideFlags: 0
  m_CorrespondingSourceObject: {fileID: 0}
  m_PrefabInstance: {fileID: 0}
  m_PrefabAsset: {fileID: 0}
  m_GameObject: {fileID: 2674895176413096424}
  m_Enabled: 1
  m_Weight: 1
  m_TranslationAtRest: {x: 0, y: 0, z: 0}
  m_TranslationOffset: {x: 0, y: 0.3, z: 0}
  m_AffectTranslationX: 1
  m_AffectTranslationY: 1
  m_AffectTranslationZ: 1
  m_IsContraintActive: 0
  m_IsLocked: 0
  m_Sources: []
