%YAML 1.1
%TAG !u! tag:unity3d.com,2011:
--- !u!114 &-6865064514885324156
MonoBehaviour:
  m_ObjectHideFlags: 0
  m_CorrespondingSourceObject: {fileID: 0}
  m_PrefabInstance: {fileID: 0}
  m_PrefabAsset: {fileID: 0}
  m_GameObject: {fileID: 0}
  m_Enabled: 1
  m_EditorHideFlags: 0
  m_Script: {fileID: 11500000, guid: 775ad4994fda946d1a5936c7e2dfc785, type: 3}
  m_Name: tail
  m_EditorClassIdentifier: 
  particleIndices: 00000000
  m_Blueprint: {fileID: 11400000}
--- !u!114 &-5016174622405409522
MonoBehaviour:
  m_ObjectHideFlags: 0
  m_CorrespondingSourceObject: {fileID: 0}
  m_PrefabInstance: {fileID: 0}
  m_PrefabAsset: {fileID: 0}
  m_GameObject: {fileID: 0}
  m_Enabled: 1
  m_EditorHideFlags: 0
  m_Script: {fileID: 11500000, guid: 775ad4994fda946d1a5936c7e2dfc785, type: 3}
  m_Name: between
  m_EditorClassIdentifier: 
  particleIndices: 02000000
  m_Blueprint: {fileID: 11400000}
--- !u!114 &-4220828587343465638
MonoBehaviour:
  m_ObjectHideFlags: 0
  m_CorrespondingSourceObject: {fileID: 0}
  m_PrefabInstance: {fileID: 0}
  m_PrefabAsset: {fileID: 0}
  m_GameObject: {fileID: 0}
  m_Enabled: 1
  m_EditorHideFlags: 0
  m_Script: {fileID: 11500000, guid: 775ad4994fda946d1a5936c7e2dfc785, type: 3}
  m_Name: head
  m_EditorClassIdentifier: 
  particleIndices: 05000000
  m_Blueprint: {fileID: 11400000}
--- !u!114 &11400000
MonoBehaviour:
  m_ObjectHideFlags: 0
  m_CorrespondingSourceObject: {fileID: 0}
  m_PrefabInstance: {fileID: 0}
  m_PrefabAsset: {fileID: 0}
  m_GameObject: {fileID: 0}
  m_Enabled: 1
  m_EditorHideFlags: 0
  m_Script: {fileID: 11500000, guid: e028b099aa5d14e399bc3d87df5b7737, type: 3}
  m_Name: selang angin hopper - persiapan rotary siever
  m_EditorClassIdentifier: 
  m_Empty: 0
  m_ActiveParticleCount: 6
  m_InitialActiveParticleCount: 6
  _bounds:
    m_Center: {x: 2.945832, y: 0.7460264, z: 0.97006047}
    m_Extent: {x: 0.25394082, y: 0.42148507, z: 0.16860354}
  positions:
  - {x: 2.6918912, y: 0.3245413, z: 1.138664}
  - {x: 2.8762352, y: 0.34963512, z: 1.1032689}
  - {x: 3.1438658, y: 0.51017714, z: 0.9477036}
  - {x: 3.1997728, y: 0.837206, z: 0.9001523}
  - {x: 3.1989782, y: 1.1675115, z: 0.8647723}
  - {x: 3.1957057, y: 1.1666708, z: 0.8014569}
  restPositions:
  - {x: 2.6918912, y: 0.3245413, z: 1.138664, w: 1}
  - {x: 2.8762352, y: 0.34963512, z: 1.1032689, w: 1}
  - {x: 3.1438658, y: 0.51017714, z: 0.9477036, w: 1}
  - {x: 3.1997728, y: 0.837206, z: 0.9001523, w: 1}
  - {x: 3.1989782, y: 1.1675115, z: 0.8647723, w: 1}
  - {x: 3.1957057, y: 1.1666708, z: 0.8014569, w: 1}
  orientations:
  - {x: -0.042293362, y: 0.7691949, z: 0.051186483, w: 0.63555527}
  - {x: -0.11816863, y: 0.8420765, z: 0.20536919, w: 0.4845275}
  - {x: -0.26220518, y: 0.70865077, z: 0.5672374, w: 0.32757342}
  - {x: 0.0075046476, y: 0.7437711, z: 0.66834015, w: -0.008351645}
  - {x: -0.0001711534, y: 0.99964476, z: -0.0066272053, w: -0.025816703}
  - {x: -0.0001711534, y: 0.99964476, z: -0.0066272053, w: -0.025816703}
  restOrientations:
  - {x: -0.042293362, y: 0.7691949, z: 0.051186483, w: 0.63555527}
  - {x: -0.11816863, y: 0.8420765, z: 0.20536919, w: 0.4845275}
  - {x: -0.26220518, y: 0.70865077, z: 0.5672374, w: 0.32757342}
  - {x: 0.0075046476, y: 0.7437711, z: 0.66834015, w: -0.008351645}
  - {x: -0.0001711534, y: 0.99964476, z: -0.0066272053, w: -0.025816703}
  - {x: -0.0001711534, y: 0.99964476, z: -0.0066272053, w: -0.025816703}
  velocities:
  - {x: 0, y: 0, z: 0}
  - {x: 0, y: 0, z: 0}
  - {x: 0, y: 0, z: 0}
  - {x: 0, y: 0, z: 0}
  - {x: 0, y: 0, z: 0}
  - {x: 0, y: 0, z: 0}
  angularVelocities:
  - {x: 0, y: 0, z: 0}
  - {x: 0, y: 0, z: 0}
  - {x: 0, y: 0, z: 0}
  - {x: 0, y: 0, z: 0}
  - {x: 0, y: 0, z: 0}
  - {x: 0, y: 0, z: 0}
  invMasses:
  - 10
  - 10
  - 10
  - 10
  - 10
  - 10
  invRotationalMasses:
  - 100
  - 100
  - 100
  - 100
  - 100
  - 100
  filters: 0200ffff0200ffff0200ffff0200ffff0200ffff0200ffff
  principalRadii:
  - {x: 0.006, y: 0.006, z: 0.006}
  - {x: 0.006, y: 0.006, z: 0.006}
  - {x: 0.0052931844, y: 0.0052931844, z: 0.0052931844}
  - {x: 0.004884945, y: 0.004884945, z: 0.004884945}
  - {x: 0.004250421, y: 0.004250421, z: 0.004250421}
  - {x: 0.004, y: 0.004, z: 0.004}
  colors:
  - {r: 1, g: 1, b: 1, a: 1}
  - {r: 1, g: 1, b: 1, a: 1}
  - {r: 1, g: 1, b: 1, a: 1}
  - {r: 1, g: 1, b: 1, a: 1}
  - {r: 1, g: 1, b: 1, a: 1}
  - {r: 1, g: 1, b: 1, a: 1}
  points: 
  edges: 00000000010000000100000002000000020000000300000003000000040000000400000005000000
  triangles: 
  distanceConstraintsData:
    batches: []
  bendConstraintsData:
    batches: []
  skinConstraintsData:
    batches: []
  tetherConstraintsData:
    batches: []
  stretchShearConstraintsData:
    batches:
    - m_IDs: 000000000100000002000000
      m_IDToIndex: 000000000100000002000000
      m_ConstraintCount: 3
      m_ActiveConstraintCount: 3
      m_InitialActiveConstraintCount: 3
      particleIndices:
        serializedContents: 000000000100000002000000030000000400000005000000
        m_AlignBytes: 16
      lambdas:
        serializedContents: []
        m_AlignBytes: 16
      orientationIndices:
        serializedContents: 000000000200000004000000
        m_AlignBytes: 16
      restLengths:
        serializedContents:
        - 0.18938123
        - 0.33516353
        - 0.063405484
        m_AlignBytes: 16
      restOrientations:
        serializedContents:
        - {x: 0, y: 0, z: 0, w: 1}
        - {x: 0, y: 0, z: 0, w: 1}
        - {x: 0, y: 0, z: 0, w: 1}
        m_AlignBytes: 16
      stiffnesses:
        serializedContents:
        - {x: 0, y: 0, z: 0}
        - {x: 0, y: 0, z: 0}
        - {x: 0, y: 0, z: 0}
        m_AlignBytes: 16
    - m_IDs: 0000000001000000
      m_IDToIndex: 0000000001000000
      m_ConstraintCount: 2
      m_ActiveConstraintCount: 2
      m_InitialActiveConstraintCount: 2
      particleIndices:
        serializedContents: 01000000020000000300000004000000
        m_AlignBytes: 16
      lambdas:
        serializedContents: []
        m_AlignBytes: 16
      orientationIndices:
        serializedContents: 0100000003000000
        m_AlignBytes: 16
      restLengths:
        serializedContents:
        - 0.3487125
        - 0.33219582
        m_AlignBytes: 16
      restOrientations:
        serializedContents:
        - {x: 0, y: 0, z: 0, w: 1}
        - {x: 0, y: 0, z: 0, w: 1}
        m_AlignBytes: 16
      stiffnesses:
        serializedContents:
        - {x: 0, y: 0, z: 0}
        - {x: 0, y: 0, z: 0}
        m_AlignBytes: 16
  bendTwistConstraintsData:
    batches:
    - m_IDs: 000000000100000002000000
      m_IDToIndex: 000000000100000002000000
      m_ConstraintCount: 3
      m_ActiveConstraintCount: 3
      m_InitialActiveConstraintCount: 3
      particleIndices:
        serializedContents: 000000000100000002000000030000000400000005000000
        m_AlignBytes: 16
      lambdas:
        serializedContents: []
        m_AlignBytes: 16
      restDarbouxVectors:
        serializedContents:
        - {x: -0.1694764, y: 0.15985295, z: 0.05044175, w: 0.97117484}
        - {x: -0.051456526, y: 0.07005887, z: 0.42400664, w: 0.90147793}
        - {x: 0, y: 0, z: 0, w: 1.0000001}
        m_AlignBytes: 16
      stiffnesses:
        serializedContents:
        - {x: 0, y: 0, z: 0}
        - {x: 0, y: 0, z: 0}
        - {x: 0, y: 0, z: 0}
        m_AlignBytes: 16
      plasticity:
        serializedContents:
        - {x: 0, y: 0}
        - {x: 0, y: 0}
        - {x: 0, y: 0}
        m_AlignBytes: 16
    - m_IDs: 0000000001000000
      m_IDToIndex: 0000000001000000
      m_ConstraintCount: 2
      m_ActiveConstraintCount: 2
      m_InitialActiveConstraintCount: 2
      particleIndices:
        serializedContents: 01000000020000000300000004000000
        m_AlignBytes: 16
      lambdas:
        serializedContents: []
        m_AlignBytes: 16
      restDarbouxVectors:
        serializedContents:
        - {x: -0.42045894, y: 0.054338116, z: 0.07051209, w: 0.90293396}
        - {x: 0.673227, y: 0.010917692, z: 0.009680407, w: 0.73929197}
        m_AlignBytes: 16
      stiffnesses:
        serializedContents:
        - {x: 0, y: 0, z: 0}
        - {x: 0, y: 0, z: 0}
        m_AlignBytes: 16
      plasticity:
        serializedContents:
        - {x: 0, y: 0}
        - {x: 0, y: 0}
        m_AlignBytes: 16
  shapeMatchingConstraintsData:
    batches: []
  aerodynamicConstraintsData:
    batches: []
  chainConstraintsData:
    batches:
    - m_IDs: 00000000
      m_IDToIndex: 00000000
      m_ConstraintCount: 1
      m_ActiveConstraintCount: 1
      m_InitialActiveConstraintCount: 1
      particleIndices:
        serializedContents: 000000000100000002000000030000000400000005000000
        m_AlignBytes: 16
      lambdas:
        serializedContents: []
        m_AlignBytes: 16
      firstParticle:
        serializedContents: 00000000
        m_AlignBytes: 16
      numParticles:
        serializedContents: 06000000
        m_AlignBytes: 16
      lengths:
        serializedContents:
        - {x: 0.25856325, y: 0.25856325}
        m_AlignBytes: 16
  volumeConstraintsData:
    batches: []
  groups:
  - {fileID: -6865064514885324156}
  - {fileID: 1583389720812789156}
  - {fileID: -5016174622405409522}
  - {fileID: 3510054055646090441}
  - {fileID: -4220828587343465638}
  path:
    m_Names:
    - tail
    - between
    - between
    - between
    - head
    m_Points:
      data:
      - tangentMode: 0
        inTangent: {x: -0.09121704, y: -0.003018856, z: 0.0060813427}
        position: {x: 2.6918912, y: 0.3245413, z: 1.138664}
        outTangent: {x: 0.06943464, y: 0.0022979379, z: -0.004629135}
      - tangentMode: 0
        inTangent: {x: -0.050916433, y: -0.0010620859, z: 0.0036623653}
        position: {x: 2.8762352, y: 0.34963512, z: 1.1032689}
        outTangent: {x: 0.0038118362, y: 0.000079512596, z: -0.00027418137}
      - tangentMode: 0
        inTangent: {x: -0.06006676, y: -0.15487397, z: 0.05810545}
        position: {x: 3.1438658, y: 0.51017714, z: 0.9477036}
        outTangent: {x: 0.06443453, y: 0.16613567, z: -0.062330604}
      - tangentMode: 0
        inTangent: {x: 0.023073435, y: -0.0005697012, z: 0.03548652}
        position: {x: 3.1989782, y: 1.1675115, z: 0.8647723}
        outTangent: {x: -0.007150792, y: 0.00017655865, z: -0.010997787}
      - tangentMode: 0
        inTangent: {x: -0.0013282299, y: -0.0032918453, z: -0.000002861023}
        position: {x: 3.1957057, y: 1.1666708, z: 0.8014569}
        outTangent: {x: 0.0935448, y: 0.23183864, z: 0.00020149662}
    m_Normals:
      data:
      - {x: 0, y: 1, z: 0}
      - {x: 0, y: 1, z: 0}
      - {x: 0, y: 1, z: 0}
      - {x: 0, y: 1, z: 0}
      - {x: 0, y: 1, z: 0}
    m_Colors:
      data:
      - {r: 1, g: 1, b: 1, a: 1}
      - {r: 1, g: 1, b: 1, a: 1}
      - {r: 1, g: 1, b: 1, a: 1}
      - {r: 1, g: 1, b: 1, a: 1}
      - {r: 1, g: 1, b: 1, a: 1}
    m_Thickness:
      data:
      - 0.3
      - 0.3
      - 0.26465923
      - 0.21252106
      - 0.2
    m_Masses:
      data:
      - 0.1
      - 0.1
      - 0.1
      - 0.1
      - 0.1
    m_RotationalMasses:
      data:
      - 0.01
      - 0.01
      - 0.01
      - 0.01
      - 0.01
    m_Filters:
      data: 0200ffff0200ffff0200ffff0200ffff0200ffff
    m_Closed: 0
    m_ArcLengthTable:
    - 0
    - 0.0099256
    - 0.01981286
    - 0.029664405
    - 0.039479095
    - 0.049252447
    - 0.058977064
    - 0.06864305
    - 0.07823842
    - 0.08774951
    - 0.09716135
    - 0.10645807
    - 0.11562325
    - 0.1246404
    - 0.13349333
    - 0.14216669
    - 0.15064645
    - 0.15892059
    - 0.16697979
    - 0.1748183
    - 0.18243499
    - 0.18983448
    - 0.19182724
    - 0.19659959
    - 0.20392632
    - 0.21357946
    - 0.22533448
    - 0.2389715
    - 0.25427637
    - 0.27104175
    - 0.28906876
    - 0.3081685
    - 0.32816443
    - 0.34889498
    - 0.37021694
    - 0.39200935
    - 0.41417843
    - 0.43666306
    - 0.45944098
    - 0.48253506
    - 0.5060194
    - 0.5300236
    - 0.5547344
    - 0.58333576
    - 0.615069
    - 0.64963853
    - 0.6866665
    - 0.72572565
    - 0.76635814
    - 0.8080863
    - 0.850419
    - 0.8928562
    - 0.93489146
    - 0.9760143
    - 1.0157114
    - 1.0534685
    - 1.0887713
    - 1.1211085
    - 1.1499741
    - 1.1748749
    - 1.1953458
    - 1.2109947
    - 1.221678
    - 1.2284433
    - 1.2305217
    - 1.2330105
    - 1.2358876
    - 1.2391127
    - 1.2426369
    - 1.2464067
    - 1.2503659
    - 1.2544568
    - 1.2586207
    - 1.2627983
    - 1.2669299
    - 1.2709553
    - 1.2748145
    - 1.2784472
    - 1.2817932
    - 1.2847931
    - 1.2873881
    - 1.289521
    - 1.2911401
    - 1.2922119
    - 1.2928163
    m_TotalSplineLenght: 1.2928163
    OnPathChanged:
      m_PersistentCalls:
        m_Calls: []
    OnControlPointAdded:
      m_PersistentCalls:
        m_Calls: []
    OnControlPointRemoved:
      m_PersistentCalls:
        m_Calls: []
    OnControlPointRenamed:
      m_PersistentCalls:
        m_Calls: []
  thickness: 0.02
  resolution: 0.03
  m_InterParticleDistance: 0.25856325
  totalParticles: 6
  m_RestLength: 1.2688587
  restLengths:
  - 0.18938123
  - 0.3487125
  - 0.33516353
  - 0.33219582
  - 0.063405484
  - 0
  keepInitialShape: 1
--- !u!114 &1583389720812789156
MonoBehaviour:
  m_ObjectHideFlags: 0
  m_CorrespondingSourceObject: {fileID: 0}
  m_PrefabInstance: {fileID: 0}
  m_PrefabAsset: {fileID: 0}
  m_GameObject: {fileID: 0}
  m_Enabled: 1
  m_EditorHideFlags: 0
  m_Script: {fileID: 11500000, guid: 775ad4994fda946d1a5936c7e2dfc785, type: 3}
  m_Name: between
  m_EditorClassIdentifier: 
  particleIndices: 01000000
  m_Blueprint: {fileID: 11400000}
--- !u!114 &3510054055646090441
MonoBehaviour:
  m_ObjectHideFlags: 0
  m_CorrespondingSourceObject: {fileID: 0}
  m_PrefabInstance: {fileID: 0}
  m_PrefabAsset: {fileID: 0}
  m_GameObject: {fileID: 0}
  m_Enabled: 1
  m_EditorHideFlags: 0
  m_Script: {fileID: 11500000, guid: 775ad4994fda946d1a5936c7e2dfc785, type: 3}
  m_Name: between
  m_EditorClassIdentifier: 
  particleIndices: 04000000
  m_Blueprint: {fileID: 11400000}
