%YAML 1.1
%TAG !u! tag:unity3d.com,2011:
--- !u!114 &-7079058068539246698
MonoBehaviour:
  m_ObjectHideFlags: 0
  m_CorrespondingSourceObject: {fileID: 0}
  m_PrefabInstance: {fileID: 0}
  m_PrefabAsset: {fileID: 0}
  m_GameObject: {fileID: 0}
  m_Enabled: 1
  m_EditorHideFlags: 0
  m_Script: {fileID: 11500000, guid: 775ad4994fda946d1a5936c7e2dfc785, type: 3}
  m_Name: between
  m_EditorClassIdentifier: 
  particleIndices: 07000000
  m_Blueprint: {fileID: 11400000}
--- !u!114 &-4831825343804449952
MonoBehaviour:
  m_ObjectHideFlags: 0
  m_CorrespondingSourceObject: {fileID: 0}
  m_PrefabInstance: {fileID: 0}
  m_PrefabAsset: {fileID: 0}
  m_GameObject: {fileID: 0}
  m_Enabled: 1
  m_EditorHideFlags: 0
  m_Script: {fileID: 11500000, guid: 775ad4994fda946d1a5936c7e2dfc785, type: 3}
  m_Name: static point (2)
  m_EditorClassIdentifier: 
  particleIndices: 00000000
  m_Blueprint: {fileID: 11400000}
--- !u!114 &-4220828587343465638
MonoBehaviour:
  m_ObjectHideFlags: 0
  m_CorrespondingSourceObject: {fileID: 0}
  m_PrefabInstance: {fileID: 0}
  m_PrefabAsset: {fileID: 0}
  m_GameObject: {fileID: 0}
  m_Enabled: 1
  m_EditorHideFlags: 0
  m_Script: {fileID: 11500000, guid: 775ad4994fda946d1a5936c7e2dfc785, type: 3}
  m_Name: static point (1)
  m_EditorClassIdentifier: 
  particleIndices: 08000000
  m_Blueprint: {fileID: 11400000}
--- !u!114 &-1537434853516653655
MonoBehaviour:
  m_ObjectHideFlags: 0
  m_CorrespondingSourceObject: {fileID: 0}
  m_PrefabInstance: {fileID: 0}
  m_PrefabAsset: {fileID: 0}
  m_GameObject: {fileID: 0}
  m_Enabled: 1
  m_EditorHideFlags: 0
  m_Script: {fileID: 11500000, guid: 775ad4994fda946d1a5936c7e2dfc785, type: 3}
  m_Name: control point
  m_EditorClassIdentifier: 
  particleIndices: 03000000
  m_Blueprint: {fileID: 11400000}
--- !u!114 &-144334327890935746
MonoBehaviour:
  m_ObjectHideFlags: 0
  m_CorrespondingSourceObject: {fileID: 0}
  m_PrefabInstance: {fileID: 0}
  m_PrefabAsset: {fileID: 0}
  m_GameObject: {fileID: 0}
  m_Enabled: 1
  m_EditorHideFlags: 0
  m_Script: {fileID: 11500000, guid: 775ad4994fda946d1a5936c7e2dfc785, type: 3}
  m_Name: between
  m_EditorClassIdentifier: 
  particleIndices: 01000000
  m_Blueprint: {fileID: 11400000}
--- !u!114 &11400000
MonoBehaviour:
  m_ObjectHideFlags: 0
  m_CorrespondingSourceObject: {fileID: 0}
  m_PrefabInstance: {fileID: 0}
  m_PrefabAsset: {fileID: 0}
  m_GameObject: {fileID: 0}
  m_Enabled: 1
  m_EditorHideFlags: 0
  m_Script: {fileID: 11500000, guid: e028b099aa5d14e399bc3d87df5b7737, type: 3}
  m_Name: selang angin prop - persiapan rotary siever
  m_EditorClassIdentifier: 
  m_Empty: 0
  m_ActiveParticleCount: 9
  m_InitialActiveParticleCount: 9
  _bounds:
    m_Center: {x: 0.29137576, y: 0.8920723, z: 0.36603603}
    m_Extent: {x: 0.05348718, y: 1.3985809, z: 0.115585}
  positions:
  - {x: 0.34486294, y: -0.50430393, z: 0.42340493}
  - {x: 0.33650526, y: -0.5065086, z: 0.31323704}
  - {x: 0.30588096, y: -0.16855472, z: 0.42435318}
  - {x: 0.28602576, y: 0.18272924, z: 0.48162103}
  - {x: 0.26924485, y: 0.7065296, z: 0.4446756}
  - {x: 0.25740594, y: 1.2289406, z: 0.38536212}
  - {x: 0.24804468, y: 1.7505727, z: 0.3171287}
  - {x: 0.2402303, y: 2.2713385, z: 0.25045103}
  - {x: 0.23788857, y: 2.2906532, z: 0.28717804}
  restPositions:
  - {x: 0.34486294, y: -0.50430393, z: 0.42340493, w: 1}
  - {x: 0.33650526, y: -0.5065086, z: 0.31323704, w: 1}
  - {x: 0.30588096, y: -0.16855472, z: 0.42435318, w: 1}
  - {x: 0.28602576, y: 0.18272924, z: 0.48162103, w: 1}
  - {x: 0.26924485, y: 0.7065296, z: 0.4446756, w: 1}
  - {x: 0.25740594, y: 1.2289406, z: 0.38536212, w: 1}
  - {x: 0.24804468, y: 1.7505727, z: 0.3171287, w: 1}
  - {x: 0.2402303, y: 2.2713385, z: 0.25045103, w: 1}
  - {x: 0.23788857, y: 2.2906532, z: 0.28717804, w: 1}
  orientations:
  - {x: -0.0003775814, y: 0.9992337, z: -0.009968588, w: -0.03784809}
  - {x: -0.5766438, y: -0.10902605, z: -0.07800906, w: 0.80592173}
  - {x: -0.6352443, y: -0.1270408, z: -0.10699783, w: 0.75423926}
  - {x: 0.14370435, y: 0.7172938, z: 0.6638755, w: -0.15526743}
  - {x: 0.06541993, y: 0.74304277, z: 0.66197854, w: -0.07343108}
  - {x: 0.044904318, y: 0.7502164, z: 0.6576741, w: -0.051222876}
  - {x: 0.038498186, y: 0.74967414, z: 0.65923434, w: -0.043779716}
  - {x: -0.23919234, y: -0.030906815, z: -0.0076177767, w: 0.9704503}
  - {x: -0.23919234, y: -0.030906815, z: -0.0076177767, w: 0.9704503}
  restOrientations:
  - {x: -0.0003775814, y: 0.9992337, z: -0.009968588, w: -0.03784809}
  - {x: -0.5766438, y: -0.10902605, z: -0.07800906, w: 0.80592173}
  - {x: -0.6352443, y: -0.1270408, z: -0.10699783, w: 0.75423926}
  - {x: 0.14370435, y: 0.7172938, z: 0.6638755, w: -0.15526743}
  - {x: 0.06541993, y: 0.74304277, z: 0.66197854, w: -0.07343108}
  - {x: 0.044904318, y: 0.7502164, z: 0.6576741, w: -0.051222876}
  - {x: 0.038498186, y: 0.74967414, z: 0.65923434, w: -0.043779716}
  - {x: -0.23919234, y: -0.030906815, z: -0.0076177767, w: 0.9704503}
  - {x: -0.23919234, y: -0.030906815, z: -0.0076177767, w: 0.9704503}
  velocities:
  - {x: 0, y: 0, z: 0}
  - {x: 0, y: 0, z: 0}
  - {x: 0, y: 0, z: 0}
  - {x: 0, y: 0, z: 0}
  - {x: 0, y: 0, z: 0}
  - {x: 0, y: 0, z: 0}
  - {x: 0, y: 0, z: 0}
  - {x: 0, y: 0, z: 0}
  - {x: 0, y: 0, z: 0}
  angularVelocities:
  - {x: 0, y: 0, z: 0}
  - {x: 0, y: 0, z: 0}
  - {x: 0, y: 0, z: 0}
  - {x: 0, y: 0, z: 0}
  - {x: 0, y: 0, z: 0}
  - {x: 0, y: 0, z: 0}
  - {x: 0, y: 0, z: 0}
  - {x: 0, y: 0, z: 0}
  - {x: 0, y: 0, z: 0}
  invMasses:
  - 10
  - 10
  - 10
  - 10
  - 10
  - 10
  - 10
  - 10
  - 10
  invRotationalMasses:
  - 100
  - 100
  - 100
  - 100
  - 100
  - 100
  - 100
  - 100
  - 100
  filters: 0200ffff0200ffff0200ffff0200ffff0200ffff0200ffff0200ffff0200ffff0200ffff
  principalRadii:
  - {x: 0.006, y: 0.006, z: 0.006}
  - {x: 0.006, y: 0.006, z: 0.006}
  - {x: 0.006, y: 0.006, z: 0.006}
  - {x: 0.006, y: 0.006, z: 0.006}
  - {x: 0.006, y: 0.006, z: 0.006}
  - {x: 0.006, y: 0.006, z: 0.006}
  - {x: 0.006, y: 0.006, z: 0.006}
  - {x: 0.006, y: 0.006, z: 0.006}
  - {x: 0.006, y: 0.006, z: 0.006}
  colors:
  - {r: 1, g: 1, b: 1, a: 1}
  - {r: 1, g: 1, b: 1, a: 1}
  - {r: 1, g: 1, b: 1, a: 1}
  - {r: 1, g: 1, b: 1, a: 1}
  - {r: 1, g: 1, b: 1, a: 1}
  - {r: 1, g: 1, b: 1, a: 1}
  - {r: 1, g: 1, b: 1, a: 1}
  - {r: 1, g: 1, b: 1, a: 1}
  - {r: 1, g: 1, b: 1, a: 1}
  points: 
  edges: 00000000010000000100000002000000020000000300000003000000040000000400000005000000050000000600000006000000070000000700000008000000
  triangles: 
  distanceConstraintsData:
    batches: []
  bendConstraintsData:
    batches: []
  skinConstraintsData:
    batches: []
  tetherConstraintsData:
    batches: []
  stretchShearConstraintsData:
    batches:
    - m_IDs: 00000000010000000200000003000000
      m_IDToIndex: 00000000010000000200000003000000
      m_ConstraintCount: 4
      m_ActiveConstraintCount: 4
      m_InitialActiveConstraintCount: 4
      particleIndices:
        serializedContents: 0000000001000000020000000300000004000000050000000600000007000000
        m_AlignBytes: 16
      lambdas:
        serializedContents: []
        m_AlignBytes: 16
      orientationIndices:
        serializedContents: 00000000020000000400000006000000
        m_AlignBytes: 16
      restLengths:
        serializedContents:
        - 0.11050645
        - 0.35647476
        - 0.52590066
        - 0.5250752
        m_AlignBytes: 16
      restOrientations:
        serializedContents:
        - {x: 0, y: 0, z: 0, w: 1}
        - {x: 0, y: 0, z: 0, w: 1}
        - {x: 0, y: 0, z: 0, w: 1}
        - {x: 0, y: 0, z: 0, w: 1}
        m_AlignBytes: 16
      stiffnesses:
        serializedContents:
        - {x: 0, y: 0, z: 0}
        - {x: 0, y: 0, z: 0}
        - {x: 0, y: 0, z: 0}
        - {x: 0, y: 0, z: 0}
        m_AlignBytes: 16
    - m_IDs: 00000000010000000200000003000000
      m_IDToIndex: 00000000010000000200000003000000
      m_ConstraintCount: 4
      m_ActiveConstraintCount: 4
      m_InitialActiveConstraintCount: 4
      particleIndices:
        serializedContents: 0100000002000000030000000400000005000000060000000700000008000000
        m_AlignBytes: 16
      lambdas:
        serializedContents: []
        m_AlignBytes: 16
      orientationIndices:
        serializedContents: 01000000030000000500000007000000
        m_AlignBytes: 16
      restLengths:
        serializedContents:
        - 0.35706785
        - 0.52536976
        - 0.52615917
        - 0.04156221
        m_AlignBytes: 16
      restOrientations:
        serializedContents:
        - {x: 0, y: 0, z: 0, w: 1}
        - {x: 0, y: 0, z: 0, w: 1}
        - {x: 0, y: 0, z: 0, w: 1}
        - {x: 0, y: 0, z: 0, w: 1}
        m_AlignBytes: 16
      stiffnesses:
        serializedContents:
        - {x: 0, y: 0, z: 0}
        - {x: 0, y: 0, z: 0}
        - {x: 0, y: 0, z: 0}
        - {x: 0, y: 0, z: 0}
        m_AlignBytes: 16
  bendTwistConstraintsData:
    batches:
    - m_IDs: 00000000010000000200000003000000
      m_IDToIndex: 00000000010000000200000003000000
      m_ConstraintCount: 4
      m_ActiveConstraintCount: 4
      m_InitialActiveConstraintCount: 4
      particleIndices:
        serializedContents: 0000000001000000020000000300000004000000050000000600000007000000
        m_AlignBytes: 16
      lambdas:
        serializedContents: []
        m_AlignBytes: 16
      restDarbouxVectors:
        serializedContents:
        - {x: -0.10116529, y: 0.8068966, z: 0.5652567, w: 0.13844973}
        - {x: -0.017345112, y: -0.11493875, z: -0.9215082, w: 0.37055498}
        - {x: 0.008000836, y: -0.0037291213, z: -0.03009855, w: 0.999508}
        - {x: 0.041552786, y: 0.56877786, z: 0.8175471, w: 0.07988645}
        m_AlignBytes: 16
      stiffnesses:
        serializedContents:
        - {x: 0, y: 0, z: 0}
        - {x: 0, y: 0, z: 0}
        - {x: 0, y: 0, z: 0}
        - {x: 0, y: 0, z: 0}
        m_AlignBytes: 16
      plasticity:
        serializedContents:
        - {x: 0, y: 0}
        - {x: 0, y: 0}
        - {x: 0, y: 0}
        - {x: 0, y: 0}
        m_AlignBytes: 16
    - m_IDs: 00000000010000000200000003000000
      m_IDToIndex: 00000000010000000200000003000000
      m_ConstraintCount: 4
      m_ActiveConstraintCount: 4
      m_InitialActiveConstraintCount: 4
      particleIndices:
        serializedContents: 0100000002000000030000000400000005000000060000000700000008000000
        m_AlignBytes: 16
      lambdas:
        serializedContents: []
        m_AlignBytes: 16
      restDarbouxVectors:
        serializedContents:
        - {x: -0.078785, y: -0.008008389, z: -0.0313935, w: 0.9963651}
        - {x: 0.018849581, y: -0.011000171, z: -0.11388779, w: 0.9932539}
        - {x: -0.0015332758, y: -0.0012729935, z: -0.00975673, w: 0.99995047}
        - {x: 0, y: 0, z: 0, w: 1}
        m_AlignBytes: 16
      stiffnesses:
        serializedContents:
        - {x: 0, y: 0, z: 0}
        - {x: 0, y: 0, z: 0}
        - {x: 0, y: 0, z: 0}
        - {x: 0, y: 0, z: 0}
        m_AlignBytes: 16
      plasticity:
        serializedContents:
        - {x: 0, y: 0}
        - {x: 0, y: 0}
        - {x: 0, y: 0}
        - {x: 0, y: 0}
        m_AlignBytes: 16
  shapeMatchingConstraintsData:
    batches: []
  aerodynamicConstraintsData:
    batches: []
  chainConstraintsData:
    batches:
    - m_IDs: 00000000
      m_IDToIndex: 00000000
      m_ConstraintCount: 1
      m_ActiveConstraintCount: 1
      m_InitialActiveConstraintCount: 1
      particleIndices:
        serializedContents: 000000000100000002000000030000000400000005000000060000000700000008000000
        m_AlignBytes: 16
      lambdas:
        serializedContents: []
        m_AlignBytes: 16
      firstParticle:
        serializedContents: 00000000
        m_AlignBytes: 16
      numParticles:
        serializedContents: 09000000
        m_AlignBytes: 16
      lengths:
        serializedContents:
        - {x: 0.3817165, y: 0.3817165}
        m_AlignBytes: 16
  volumeConstraintsData:
    batches: []
  groups:
  - {fileID: -4831825343804449952}
  - {fileID: -144334327890935746}
  - {fileID: -1537434853516653655}
  - {fileID: -7079058068539246698}
  - {fileID: -4220828587343465638}
  path:
    m_Names:
    - static point (2)
    - between
    - control point
    - between
    - static point (1)
    m_Points:
      data:
      - tangentMode: 0
        inTangent: {x: 0.008002588, y: -0.008722671, z: 0.24971874}
        position: {x: 0.34486294, y: -0.50430393, z: 0.42340493}
        outTangent: {x: -0.00143677, y: 0.0015660524, z: -0.044834048}
      - tangentMode: 0
        inTangent: {x: 0.034474604, y: -0.04850467, z: 0.029966611}
        position: {x: 0.33650526, y: -0.5065086, z: 0.31323704}
        outTangent: {x: -0.008357972, y: 0.0117594, z: -0.007265061}
      - tangentMode: 0
        inTangent: {x: 0.010883116, y: -0.26642203, z: 0.0074843643}
        position: {x: 0.28602576, y: 0.18272924, z: 0.48162103}
        outTangent: {x: -0.025085628, y: 0.61410385, z: -0.017251492}
      - tangentMode: 0
        inTangent: {x: 0.0055028796, y: -0.38790596, z: 0.04090935}
        position: {x: 0.2402303, y: 2.2713385, z: 0.25045103}
        outTangent: {x: -0.0016165674, y: 0.11395478, z: -0.0120179355}
      - tangentMode: 0
        inTangent: {x: -0.000053942204, y: 0.0001180172, z: -0.007962406}
        position: {x: 0.23788857, y: 2.2906532, z: 0.28717804}
        outTangent: {x: 0.0016934263, y: -0.0037049549, z: 0.24996656}
    m_Normals:
      data:
      - {x: 0, y: 1, z: 0}
      - {x: 0, y: 1, z: 0}
      - {x: 0, y: 1, z: 0}
      - {x: 0, y: 1, z: 0}
      - {x: 0, y: 1, z: 0}
    m_Colors:
      data:
      - {r: 1, g: 1, b: 1, a: 1}
      - {r: 1, g: 1, b: 1, a: 1}
      - {r: 1, g: 1, b: 1, a: 1}
      - {r: 1, g: 1, b: 1, a: 1}
      - {r: 1, g: 1, b: 1, a: 1}
    m_Thickness:
      data:
      - 0.3
      - 0.3
      - 0.3
      - 0.3
      - 0.3
    m_Masses:
      data:
      - 0.1
      - 0.1
      - 0.1
      - 0.1
      - 0.1
    m_RotationalMasses:
      data:
      - 0.01
      - 0.01
      - 0.01
      - 0.01
      - 0.01
    m_Filters:
      data: 0200ffff0200ffff0200ffff0200ffff0200ffff
    m_Closed: 0
    m_ArcLengthTable:
    - 0
    - 0.0063461303
    - 0.012617968
    - 0.01887469
    - 0.025142564
    - 0.031420834
    - 0.03768824
    - 0.04390923
    - 0.050039686
    - 0.05603232
    - 0.06184226
    - 0.067433536
    - 0.072787255
    - 0.07791231
    - 0.082858555
    - 0.087729976
    - 0.092691034
    - 0.097957894
    - 0.10377411
    - 0.11038296
    - 0.1180097
    - 0.12685622
    - 0.13147655
    - 0.14137574
    - 0.15638761
    - 0.1761316
    - 0.20020096
    - 0.2281824
    - 0.25966105
    - 0.29422235
    - 0.3314531
    - 0.3709422
    - 0.41228136
    - 0.4550659
    - 0.4988958
    - 0.54337686
    - 0.5881223
    - 0.63275504
    - 0.67691034
    - 0.72024006
    - 0.76241815
    - 0.80314875
    - 0.8421777
    - 0.9331313
    - 1.0298306
    - 1.1315341
    - 1.2374907
    - 1.3469423
    - 1.4591262
    - 1.573276
    - 1.6886225
    - 1.8043945
    - 1.9198194
    - 2.0341232
    - 2.1465309
    - 2.256267
    - 2.3625555
    - 2.4646196
    - 2.5616827
    - 2.6529682
    - 2.7376995
    - 2.8151011
    - 2.884399
    - 2.944821
    - 2.9597795
    - 2.972056
    - 2.9818695
    - 2.9894497
    - 2.9950495
    - 2.9989758
    - 3.0016804
    - 3.003897
    - 3.0064123
    - 3.0095873
    - 3.013441
    - 3.0178614
    - 3.0226886
    - 3.0277438
    - 3.0328388
    - 3.0377812
    - 3.0423777
    - 3.0464358
    - 3.0497704
    - 3.0522187
    - 3.053732
    m_TotalSplineLenght: 3.053732
    OnPathChanged:
      m_PersistentCalls:
        m_Calls: []
    OnControlPointAdded:
      m_PersistentCalls:
        m_Calls: []
    OnControlPointRemoved:
      m_PersistentCalls:
        m_Calls: []
    OnControlPointRenamed:
      m_PersistentCalls:
        m_Calls: []
  thickness: 0.02
  resolution: 0.03
  m_InterParticleDistance: 0.3817165
  totalParticles: 9
  m_RestLength: 2.9681163
  restLengths:
  - 0.11050645
  - 0.35706785
  - 0.35647476
  - 0.52536976
  - 0.52590066
  - 0.52615917
  - 0.5250752
  - 0.04156221
  - 0
  keepInitialShape: 1
