%YAML 1.1
%TAG !u! tag:unity3d.com,2011:
--- !u!114 &-8419124773465016327
MonoBehaviour:
  m_ObjectHideFlags: 0
  m_CorrespondingSourceObject: {fileID: 0}
  m_PrefabInstance: {fileID: 0}
  m_PrefabAsset: {fileID: 0}
  m_GameObject: {fileID: 0}
  m_Enabled: 1
  m_EditorHideFlags: 0
  m_Script: {fileID: 11500000, guid: 775ad4994fda946d1a5936c7e2dfc785, type: 3}
  m_Name: control point
  m_EditorClassIdentifier: 
  particleIndices: 0c000000
  m_Blueprint: {fileID: 11400000}
--- !u!114 &-6471304132749453970
MonoBehaviour:
  m_ObjectHideFlags: 0
  m_CorrespondingSourceObject: {fileID: 0}
  m_PrefabInstance: {fileID: 0}
  m_PrefabAsset: {fileID: 0}
  m_GameObject: {fileID: 0}
  m_Enabled: 1
  m_EditorHideFlags: 0
  m_Script: {fileID: 11500000, guid: 775ad4994fda946d1a5936c7e2dfc785, type: 3}
  m_Name: static
  m_EditorClassIdentifier: 
  particleIndices: 00000000
  m_Blueprint: {fileID: 11400000}
--- !u!114 &11400000
MonoBehaviour:
  m_ObjectHideFlags: 0
  m_CorrespondingSourceObject: {fileID: 0}
  m_PrefabInstance: {fileID: 0}
  m_PrefabAsset: {fileID: 0}
  m_GameObject: {fileID: 0}
  m_Enabled: 1
  m_EditorHideFlags: 0
  m_Script: {fileID: 11500000, guid: e028b099aa5d14e399bc3d87df5b7737, type: 3}
  m_Name: KabelLegrand_3-1
  m_EditorClassIdentifier: 
  m_Empty: 0
  m_ActiveParticleCount: 15
  m_InitialActiveParticleCount: 15
  _bounds:
    m_Center: {x: 2.9163423, y: -0.81726205, z: 0.11308694}
    m_Extent: {x: 0.34132338, y: 0.15629375, z: 0.35483956}
  positions:
  - {x: 2.575019, y: -0.6609683, z: 0.4679265}
  - {x: 2.64495, y: -0.70031667, z: 0.4334337}
  - {x: 2.6900845, y: -0.75373304, z: 0.37544093}
  - {x: 2.733932, y: -0.7971866, z: 0.30884546}
  - {x: 2.7848964, y: -0.8191472, z: 0.23730993}
  - {x: 2.8390281, y: -0.8308934, z: 0.17257896}
  - {x: 2.8953187, y: -0.8503001, z: 0.11148463}
  - {x: 2.9522433, y: -0.875008, z: 0.05300389}
  - {x: 3.008825, y: -0.9044963, z: -0.0036530718}
  - {x: 3.0620453, y: -0.94113374, z: -0.05906701}
  - {x: 3.1193686, y: -0.96574825, z: -0.11083908}
  - {x: 3.1835167, y: -0.9735558, z: -0.1607093}
  - {x: 3.245536, y: -0.9703335, z: -0.21330881}
  - {x: 3.2576659, y: -0.93488157, z: -0.2393458}
  - {x: 3.2536488, y: -0.8852061, z: -0.24175262}
  restPositions:
  - {x: 2.575019, y: -0.6609683, z: 0.4679265, w: 1}
  - {x: 2.64495, y: -0.70031667, z: 0.4334337, w: 1}
  - {x: 2.6900845, y: -0.75373304, z: 0.37544093, w: 1}
  - {x: 2.733932, y: -0.7971866, z: 0.30884546, w: 1}
  - {x: 2.7848964, y: -0.8191472, z: 0.23730993, w: 1}
  - {x: 2.8390281, y: -0.8308934, z: 0.17257896, w: 1}
  - {x: 2.8953187, y: -0.8503001, z: 0.11148463, w: 1}
  - {x: 2.9522433, y: -0.875008, z: 0.05300389, w: 1}
  - {x: 3.008825, y: -0.9044963, z: -0.0036530718, w: 1}
  - {x: 3.0620453, y: -0.94113374, z: -0.05906701, w: 1}
  - {x: 3.1193686, y: -0.96574825, z: -0.11083908, w: 1}
  - {x: 3.1835167, y: -0.9735558, z: -0.1607093, w: 1}
  - {x: 3.245536, y: -0.9703335, z: -0.21330881, w: 1}
  - {x: 3.2576659, y: -0.93488157, z: -0.2393458, w: 1}
  - {x: 3.2536488, y: -0.8852061, z: -0.24175262, w: 1}
  orientations:
  - {x: 0.12226706, y: 0.82614285, z: -0.19663814, w: 0.513685}
  - {x: 0.10036748, y: 0.899498, z: -0.29237607, w: 0.30878153}
  - {x: 0.07087287, y: 0.92826015, z: -0.23651975, w: 0.2781521}
  - {x: 0.03721987, y: 0.94534475, z: -0.116388984, w: 0.3023105}
  - {x: 0.023579879, y: 0.9377311, z: -0.06495392, w: 0.3404196}
  - {x: 0.041643236, y: 0.92538583, z: -0.10665365, w: 0.36131966}
  - {x: 0.05513457, y: 0.91644824, z: -0.13568681, w: 0.37238684}
  - {x: 0.06711329, y: 0.90966284, z: -0.16217816, w: 0.37644073}
  - {x: 0.08237647, y: 0.90483105, z: -0.20469503, w: 0.36413583}
  - {x: 0.06238281, y: 0.9030046, z: -0.1404012, w: 0.4012214}
  - {x: 0.021040652, y: 0.89723647, z: -0.043008476, w: 0.43894696}
  - {x: -0.008320764, y: 0.9072397, z: 0.01796731, w: 0.4201478}
  - {x: -0.09307807, y: 0.8812808, z: 0.42020774, w: 0.19520801}
  - {x: 0.33182377, y: 0.64343727, z: 0.5856327, w: -0.36457625}
  - {x: 0.33182377, y: 0.64343727, z: 0.5856327, w: -0.36457625}
  restOrientations:
  - {x: 0.12226706, y: 0.82614285, z: -0.19663814, w: 0.513685}
  - {x: 0.10036748, y: 0.899498, z: -0.29237607, w: 0.30878153}
  - {x: 0.07087287, y: 0.92826015, z: -0.23651975, w: 0.2781521}
  - {x: 0.03721987, y: 0.94534475, z: -0.116388984, w: 0.3023105}
  - {x: 0.023579879, y: 0.9377311, z: -0.06495392, w: 0.3404196}
  - {x: 0.041643236, y: 0.92538583, z: -0.10665365, w: 0.36131966}
  - {x: 0.05513457, y: 0.91644824, z: -0.13568681, w: 0.37238684}
  - {x: 0.06711329, y: 0.90966284, z: -0.16217816, w: 0.37644073}
  - {x: 0.08237647, y: 0.90483105, z: -0.20469503, w: 0.36413583}
  - {x: 0.06238281, y: 0.9030046, z: -0.1404012, w: 0.4012214}
  - {x: 0.021040652, y: 0.89723647, z: -0.043008476, w: 0.43894696}
  - {x: -0.008320764, y: 0.9072397, z: 0.01796731, w: 0.4201478}
  - {x: -0.09307807, y: 0.8812808, z: 0.42020774, w: 0.19520801}
  - {x: 0.33182377, y: 0.64343727, z: 0.5856327, w: -0.36457625}
  - {x: 0.33182377, y: 0.64343727, z: 0.5856327, w: -0.36457625}
  velocities:
  - {x: 0, y: 0, z: 0}
  - {x: 0, y: 0, z: 0}
  - {x: 0, y: 0, z: 0}
  - {x: 0, y: 0, z: 0}
  - {x: 0, y: 0, z: 0}
  - {x: 0, y: 0, z: 0}
  - {x: 0, y: 0, z: 0}
  - {x: 0, y: 0, z: 0}
  - {x: 0, y: 0, z: 0}
  - {x: 0, y: 0, z: 0}
  - {x: 0, y: 0, z: 0}
  - {x: 0, y: 0, z: 0}
  - {x: 0, y: 0, z: 0}
  - {x: 0, y: 0, z: 0}
  - {x: 0, y: 0, z: 0}
  angularVelocities:
  - {x: 0, y: 0, z: 0}
  - {x: 0, y: 0, z: 0}
  - {x: 0, y: 0, z: 0}
  - {x: 0, y: 0, z: 0}
  - {x: 0, y: 0, z: 0}
  - {x: 0, y: 0, z: 0}
  - {x: 0, y: 0, z: 0}
  - {x: 0, y: 0, z: 0}
  - {x: 0, y: 0, z: 0}
  - {x: 0, y: 0, z: 0}
  - {x: 0, y: 0, z: 0}
  - {x: 0, y: 0, z: 0}
  - {x: 0, y: 0, z: 0}
  - {x: 0, y: 0, z: 0}
  - {x: 0, y: 0, z: 0}
  invMasses:
  - 10
  - 10
  - 9.999999
  - 9.999999
  - 9.999999
  - 9.999999
  - 9.999999
  - 10
  - 10
  - 10
  - 10
  - 10
  - 10
  - 10
  - 10
  invRotationalMasses:
  - 100
  - 100
  - 99.99999
  - 99.99999
  - 99.99999
  - 99.99999
  - 99.99999
  - 100
  - 100
  - 100
  - 100
  - 100
  - 100
  - 100
  - 100
  filters: 0200ffff0200ffff0200ffff0200ffff0200ffff0200ffff0200ffff0200ffff0200ffff0200ffff0200ffff0200ffff0200ffff0200ffff0200ffff
  principalRadii:
  - {x: 0.1, y: 0.1, z: 0.1}
  - {x: 0.1, y: 0.1, z: 0.1}
  - {x: 0.10000002, y: 0.10000002, z: 0.10000002}
  - {x: 0.10000002, y: 0.10000002, z: 0.10000002}
  - {x: 0.10000002, y: 0.10000002, z: 0.10000002}
  - {x: 0.10000002, y: 0.10000002, z: 0.10000002}
  - {x: 0.10000002, y: 0.10000002, z: 0.10000002}
  - {x: 0.1, y: 0.1, z: 0.1}
  - {x: 0.1, y: 0.1, z: 0.1}
  - {x: 0.1, y: 0.1, z: 0.1}
  - {x: 0.1, y: 0.1, z: 0.1}
  - {x: 0.1, y: 0.1, z: 0.1}
  - {x: 0.1, y: 0.1, z: 0.1}
  - {x: 0.1, y: 0.1, z: 0.1}
  - {x: 0.1, y: 0.1, z: 0.1}
  colors:
  - {r: 1, g: 1, b: 1, a: 1}
  - {r: 1, g: 1, b: 1, a: 1}
  - {r: 1.0000001, g: 1.0000001, b: 1.0000001, a: 1.0000001}
  - {r: 1.0000001, g: 1.0000001, b: 1.0000001, a: 1.0000001}
  - {r: 1.0000001, g: 1.0000001, b: 1.0000001, a: 1.0000001}
  - {r: 1.0000001, g: 1.0000001, b: 1.0000001, a: 1.0000001}
  - {r: 1.0000001, g: 1.0000001, b: 1.0000001, a: 1.0000001}
  - {r: 1, g: 1, b: 1, a: 1}
  - {r: 1, g: 1, b: 1, a: 1}
  - {r: 1, g: 1, b: 1, a: 1}
  - {r: 1, g: 1, b: 1, a: 1}
  - {r: 1, g: 1, b: 1, a: 1}
  - {r: 1, g: 1, b: 1, a: 1}
  - {r: 1, g: 1, b: 1, a: 1}
  - {r: 1, g: 1, b: 1, a: 1}
  points: 
  edges: 000000000100000001000000020000000200000003000000030000000400000004000000050000000500000006000000060000000700000007000000080000000800000009000000090000000a0000000a0000000b0000000b0000000c0000000c0000000d0000000d0000000e000000
  triangles: 
  distanceConstraintsData:
    batches: []
  bendConstraintsData:
    batches: []
  skinConstraintsData:
    batches: []
  tetherConstraintsData:
    batches: []
  stretchShearConstraintsData:
    batches:
    - m_IDs: 00000000010000000200000003000000040000000500000006000000
      m_IDToIndex: 00000000010000000200000003000000040000000500000006000000
      m_ConstraintCount: 7
      m_ActiveConstraintCount: 7
      m_InitialActiveConstraintCount: 7
      particleIndices:
        serializedContents: 000000000100000002000000030000000400000005000000060000000700000008000000090000000a0000000b0000000c0000000d000000
        m_AlignBytes: 16
      lambdas:
        serializedContents: []
        m_AlignBytes: 16
      orientationIndices:
        serializedContents: 00000000020000000400000006000000080000000a0000000c000000
        m_AlignBytes: 16
      restLengths:
        serializedContents:
        - 0.08734068
        - 0.09080626
        - 0.08519576
        - 0.085269496
        - 0.08511993
        - 0.08162712
        - 0.045627814
        m_AlignBytes: 16
      restOrientations:
        serializedContents:
        - {x: 0, y: 0, z: 0, w: 1}
        - {x: 0, y: 0, z: 0, w: 1}
        - {x: 0, y: 0, z: 0, w: 1}
        - {x: 0, y: 0, z: 0, w: 1}
        - {x: 0, y: 0, z: 0, w: 1}
        - {x: 0, y: 0, z: 0, w: 1}
        - {x: 0, y: 0, z: 0, w: 1}
        m_AlignBytes: 16
      stiffnesses:
        serializedContents:
        - {x: 0, y: 0, z: 0}
        - {x: 0, y: 0, z: 0}
        - {x: 0, y: 0, z: 0}
        - {x: 0, y: 0, z: 0}
        - {x: 0, y: 0, z: 0}
        - {x: 0, y: 0, z: 0}
        - {x: 0, y: 0, z: 0}
        m_AlignBytes: 16
    - m_IDs: 00000000010000000200000003000000040000000500000006000000
      m_IDToIndex: 00000000010000000200000003000000040000000500000006000000
      m_ConstraintCount: 7
      m_ActiveConstraintCount: 7
      m_InitialActiveConstraintCount: 7
      particleIndices:
        serializedContents: 0100000002000000030000000400000005000000060000000700000008000000090000000a0000000b0000000c0000000d0000000e000000
        m_AlignBytes: 16
      lambdas:
        serializedContents: []
        m_AlignBytes: 16
      orientationIndices:
        serializedContents: 01000000030000000500000007000000090000000b0000000d000000
        m_AlignBytes: 16
      restLengths:
        serializedContents:
        - 0.09084932
        - 0.09053709
        - 0.08530985
        - 0.08532916
        - 0.08106893
        - 0.08138483
        - 0.049895708
        m_AlignBytes: 16
      restOrientations:
        serializedContents:
        - {x: 0, y: 0, z: 0, w: 1}
        - {x: 0, y: 0, z: 0, w: 1}
        - {x: 0, y: 0, z: 0, w: 1}
        - {x: 0, y: 0, z: 0, w: 1}
        - {x: 0, y: 0, z: 0, w: 1}
        - {x: 0, y: 0, z: 0, w: 1}
        - {x: 0, y: 0, z: 0, w: 1}
        m_AlignBytes: 16
      stiffnesses:
        serializedContents:
        - {x: 0, y: 0, z: 0}
        - {x: 0, y: 0, z: 0}
        - {x: 0, y: 0, z: 0}
        - {x: 0, y: 0, z: 0}
        - {x: 0, y: 0, z: 0}
        - {x: 0, y: 0, z: 0}
        - {x: 0, y: 0, z: 0}
        m_AlignBytes: 16
  bendTwistConstraintsData:
    batches:
    - m_IDs: 00000000010000000200000003000000040000000500000006000000
      m_IDToIndex: 00000000010000000200000003000000040000000500000006000000
      m_ConstraintCount: 7
      m_ActiveConstraintCount: 7
      m_InitialActiveConstraintCount: 7
      particleIndices:
        serializedContents: 000000000100000002000000030000000400000005000000060000000700000008000000090000000a0000000b0000000c0000000d000000
        m_AlignBytes: 16
      lambdas:
        serializedContents: []
        m_AlignBytes: 16
      restDarbouxVectors:
        serializedContents:
        - {x: 0.07847225, y: 0.19094907, z: -0.11653207, w: 0.9714942}
        - {x: -0.12662628, y: -0.017118739, z: 0.0066789878, w: 0.99178034}
        - {x: 0.045561306, y: -0.023611201, z: 0.0043918076, w: 0.99867284}
        - {x: 0.029435841, y: -0.0060772067, z: 0.0020370176, w: 0.9995462}
        - {x: -0.06813657, y: -0.033017553, z: 0.013062489, w: 0.99704397}
        - {x: -0.06763248, y: 0.021278348, z: -0.0005979937, w: 0.9974833}
        - {x: -0.2148889, y: 0.25295368, z: 0.61983776, w: 0.7110826}
        m_AlignBytes: 16
      stiffnesses:
        serializedContents:
        - {x: 0, y: 0, z: 0}
        - {x: 0, y: 0, z: 0}
        - {x: 0, y: 0, z: 0}
        - {x: 0, y: 0, z: 0}
        - {x: 0, y: 0, z: 0}
        - {x: 0, y: 0, z: 0}
        - {x: 0, y: 0, z: 0}
        m_AlignBytes: 16
      plasticity:
        serializedContents:
        - {x: 0, y: 0}
        - {x: 0, y: 0}
        - {x: 0, y: 0}
        - {x: 0, y: 0}
        - {x: 0, y: 0}
        - {x: 0, y: 0}
        - {x: 0, y: 0}
        m_AlignBytes: 16
    - m_IDs: 00000000010000000200000003000000040000000500000006000000
      m_IDToIndex: 00000000010000000200000003000000040000000500000006000000
      m_ConstraintCount: 7
      m_ActiveConstraintCount: 7
      m_InitialActiveConstraintCount: 7
      particleIndices:
        serializedContents: 0100000002000000030000000400000005000000060000000700000008000000090000000a0000000b0000000c0000000d0000000e000000
        m_AlignBytes: 16
      lambdas:
        serializedContents: []
        m_AlignBytes: 16
      restDarbouxVectors:
        serializedContents:
        - {x: -0.0646852, y: 0.03341497, z: -0.021125035, w: 0.9971224}
        - {x: -0.053279646, y: -0.03800106, z: 0.007373722, w: 0.99782914}
        - {x: 0.032233912, y: -0.013240878, z: 0.0035469816, w: 0.99938637}
        - {x: 0.046031136, y: 0.008996338, z: -0.0037920394, w: 0.99889237}
        - {x: -0.10607701, y: -0.03610951, z: 0.0074004326, w: 0.9936746}
        - {x: -0.40287715, y: 0.19134365, z: 0.09593081, w: 0.88987356}
        - {x: 0, y: 0, z: 0, w: 1}
        m_AlignBytes: 16
      stiffnesses:
        serializedContents:
        - {x: 0, y: 0, z: 0}
        - {x: 0, y: 0, z: 0}
        - {x: 0, y: 0, z: 0}
        - {x: 0, y: 0, z: 0}
        - {x: 0, y: 0, z: 0}
        - {x: 0, y: 0, z: 0}
        - {x: 0, y: 0, z: 0}
        m_AlignBytes: 16
      plasticity:
        serializedContents:
        - {x: 0, y: 0}
        - {x: 0, y: 0}
        - {x: 0, y: 0}
        - {x: 0, y: 0}
        - {x: 0, y: 0}
        - {x: 0, y: 0}
        - {x: 0, y: 0}
        m_AlignBytes: 16
  shapeMatchingConstraintsData:
    batches: []
  aerodynamicConstraintsData:
    batches: []
  chainConstraintsData:
    batches:
    - m_IDs: 00000000
      m_IDToIndex: 00000000
      m_ConstraintCount: 1
      m_ActiveConstraintCount: 1
      m_InitialActiveConstraintCount: 1
      particleIndices:
        serializedContents: 000000000100000002000000030000000400000005000000060000000700000008000000090000000a0000000b0000000c0000000d0000000e000000
        m_AlignBytes: 16
      lambdas:
        serializedContents: []
        m_AlignBytes: 16
      firstParticle:
        serializedContents: 00000000
        m_AlignBytes: 16
      numParticles:
        serializedContents: 0f000000
        m_AlignBytes: 16
      lengths:
        serializedContents:
        - {x: 0.08107972, y: 0.08107972}
        m_AlignBytes: 16
  volumeConstraintsData:
    batches: []
  groups:
  - {fileID: -6471304132749453970}
  - {fileID: 2833863349646557074}
  - {fileID: 2361626251358814572}
  - {fileID: -8419124773465016327}
  - {fileID: 754924301110187833}
  path:
    m_Names:
    - static
    - control point
    - control point
    - control point
    - dynamic
    m_Points:
      data:
      - tangentMode: 0
        inTangent: {x: -0.25, y: -0, z: -0}
        position: {x: 2.575019, y: -0.6609683, z: 0.4679265}
        outTangent: {x: 0.07881665, y: 0, z: 0}
      - tangentMode: 1
        inTangent: {x: -0.091257095, y: 0.011149824, z: 0.11733985}
        position: {x: 2.7848964, y: -0.8191472, z: 0.23730993}
        outTangent: {x: 0.091257095, y: -0.011149824, z: -0.11733985}
      - tangentMode: 1
        inTangent: {x: -0.036025286, y: 0.034923792, z: 0.042759515}
        position: {x: 3.0620453, y: -0.94113374, z: -0.05906701}
        outTangent: {x: 0.036025286, y: -0.034923792, z: -0.042759515}
      - tangentMode: 1
        inTangent: {x: -0.024341583, y: -0.007667005, z: 0.029430017}
        position: {x: 3.245536, y: -0.9703335, z: -0.21330881}
        outTangent: {x: 0.024341583, y: 0.007667005, z: -0.029430017}
      - tangentMode: 0
        inTangent: {x: -0.0018455982, y: -0.037204742, z: 0}
        position: {x: 3.2536488, y: -0.8852061, z: -0.24175262}
        outTangent: {x: 0.0123864, y: 0.24969295, z: 0}
    m_Normals:
      data:
      - {x: 0, y: 1, z: 0}
      - {x: 0, y: 1.0000001, z: 0}
      - {x: 0, y: 1, z: 0}
      - {x: 0, y: 1, z: 0}
      - {x: 0, y: 1, z: 0}
    m_Colors:
      data:
      - {r: 1, g: 1, b: 1, a: 1}
      - {r: 1.0000001, g: 1.0000001, b: 1.0000001, a: 1.0000001}
      - {r: 1, g: 1, b: 1, a: 1}
      - {r: 1, g: 1, b: 1, a: 1}
      - {r: 1, g: 1, b: 1, a: 1}
    m_Thickness:
      data:
      - 1
      - 1.0000001
      - 1
      - 1
      - 1
    m_Masses:
      data:
      - 0.1
      - 0.10000001
      - 0.1
      - 0.1
      - 0.1
    m_RotationalMasses:
      data:
      - 0.01
      - 0.010000001
      - 0.01
      - 0.01
      - 0.01
    m_Filters:
      data: 0200ffff0200ffff0200ffff0200ffff0200ffff
    m_Closed: 0
    m_ArcLengthTable:
    - 0
    - 0.011095516
    - 0.022234678
    - 0.033871464
    - 0.046305455
    - 0.05969862
    - 0.074110456
    - 0.089531
    - 0.105905406
    - 0.123150915
    - 0.14116831
    - 0.15985002
    - 0.17908607
    - 0.19876908
    - 0.21879844
    - 0.23908462
    - 0.2595534
    - 0.28015065
    - 0.30084723
    - 0.32164446
    - 0.34257942
    - 0.36372995
    - 0.3853883
    - 0.4077078
    - 0.43058297
    - 0.45389995
    - 0.47753853
    - 0.50137347
    - 0.52527565
    - 0.54911274
    - 0.5727501
    - 0.5960509
    - 0.61887705
    - 0.64108896
    - 0.6625462
    - 0.68310785
    - 0.7026324
    - 0.72097856
    - 0.73800534
    - 0.7535729
    - 0.7675435
    - 0.7797835
    - 0.7901674
    - 0.79996794
    - 0.810535
    - 0.8218377
    - 0.83381456
    - 0.8463837
    - 0.85944957
    - 0.87290704
    - 0.8866443
    - 0.9005449
    - 0.9144887
    - 0.9283532
    - 0.94201404
    - 0.95534563
    - 0.9682215
    - 0.9805149
    - 0.9920993
    - 1.0028491
    - 1.0126405
    - 1.0213534
    - 1.0288754
    - 1.0351093
    - 1.0403982
    - 1.0452065
    - 1.0496461
    - 1.053832
    - 1.0578755
    - 1.061876
    - 1.0659149
    - 1.0700519
    - 1.0743263
    - 1.078759
    - 1.0833566
    - 1.0881151
    - 1.0930222
    - 1.0980605
    - 1.1032085
    - 1.1084433
    - 1.1137406
    - 1.119077
    - 1.1244305
    - 1.1297821
    - 1.1351161
    m_TotalSplineLenght: 1.1351161
    OnPathChanged:
      m_PersistentCalls:
        m_Calls: []
    OnControlPointAdded:
      m_PersistentCalls:
        m_Calls: []
    OnControlPointRemoved:
      m_PersistentCalls:
        m_Calls: []
    OnControlPointRenamed:
      m_PersistentCalls:
        m_Calls: []
  thickness: 0.1
  resolution: 1
  m_InterParticleDistance: 0.08107972
  totalParticles: 15
  m_RestLength: 1.125362
  restLengths:
  - 0.08734068
  - 0.09084932
  - 0.09080626
  - 0.09053709
  - 0.08519576
  - 0.08530985
  - 0.085269496
  - 0.08532916
  - 0.08511993
  - 0.08106893
  - 0.08162712
  - 0.08138483
  - 0.045627814
  - 0.049895708
  - 0
  keepInitialShape: 1
--- !u!114 &754924301110187833
MonoBehaviour:
  m_ObjectHideFlags: 0
  m_CorrespondingSourceObject: {fileID: 0}
  m_PrefabInstance: {fileID: 0}
  m_PrefabAsset: {fileID: 0}
  m_GameObject: {fileID: 0}
  m_Enabled: 1
  m_EditorHideFlags: 0
  m_Script: {fileID: 11500000, guid: 775ad4994fda946d1a5936c7e2dfc785, type: 3}
  m_Name: dynamic
  m_EditorClassIdentifier: 
  particleIndices: 0e000000
  m_Blueprint: {fileID: 11400000}
--- !u!114 &2361626251358814572
MonoBehaviour:
  m_ObjectHideFlags: 0
  m_CorrespondingSourceObject: {fileID: 0}
  m_PrefabInstance: {fileID: 0}
  m_PrefabAsset: {fileID: 0}
  m_GameObject: {fileID: 0}
  m_Enabled: 1
  m_EditorHideFlags: 0
  m_Script: {fileID: 11500000, guid: 775ad4994fda946d1a5936c7e2dfc785, type: 3}
  m_Name: control point
  m_EditorClassIdentifier: 
  particleIndices: 09000000
  m_Blueprint: {fileID: 11400000}
--- !u!114 &2833863349646557074
MonoBehaviour:
  m_ObjectHideFlags: 0
  m_CorrespondingSourceObject: {fileID: 0}
  m_PrefabInstance: {fileID: 0}
  m_PrefabAsset: {fileID: 0}
  m_GameObject: {fileID: 0}
  m_Enabled: 1
  m_EditorHideFlags: 0
  m_Script: {fileID: 11500000, guid: 775ad4994fda946d1a5936c7e2dfc785, type: 3}
  m_Name: control point
  m_EditorClassIdentifier: 
  particleIndices: 04000000
  m_Blueprint: {fileID: 11400000}
