%YAML 1.1
%TAG !u! tag:unity3d.com,2011:
--- !u!114 &-2967701407472697048
MonoBehaviour:
  m_ObjectHideFlags: 0
  m_CorrespondingSourceObject: {fileID: 0}
  m_PrefabInstance: {fileID: 0}
  m_PrefabAsset: {fileID: 0}
  m_GameObject: {fileID: 0}
  m_Enabled: 1
  m_EditorHideFlags: 0
  m_Script: {fileID: 11500000, guid: 775ad4994fda946d1a5936c7e2dfc785, type: 3}
  m_Name: dynamic
  m_EditorClassIdentifier: 
  particleIndices: 1a000000
  m_Blueprint: {fileID: 11400000}
--- !u!114 &11400000
MonoBehaviour:
  m_ObjectHideFlags: 0
  m_CorrespondingSourceObject: {fileID: 0}
  m_PrefabInstance: {fileID: 0}
  m_PrefabAsset: {fileID: 0}
  m_GameObject: {fileID: 0}
  m_Enabled: 1
  m_EditorHideFlags: 0
  m_Script: {fileID: 11500000, guid: e028b099aa5d14e399bc3d87df5b7737, type: 3}
  m_Name: KabelButterflyValve2_3-1
  m_EditorClassIdentifier: 
  m_Empty: 0
  m_ActiveParticleCount: 27
  m_InitialActiveParticleCount: 27
  _bounds:
    m_Center: {x: 3.3182294, y: 1.6615629, z: 0.108101904}
    m_Extent: {x: 0.7388675, y: 0.45225048, z: 0.41654927}
  positions:
  - {x: 2.579362, y: 2.1138134, z: 0.52465117}
  - {x: 2.6688619, y: 2.0990632, z: 0.52441823}
  - {x: 2.7533731, y: 2.065188, z: 0.52354765}
  - {x: 2.8323312, y: 2.0198858, z: 0.52186036}
  - {x: 2.9057515, y: 1.966042, z: 0.51915836}
  - {x: 2.9730096, y: 1.9047445, z: 0.51515824}
  - {x: 3.032553, y: 1.8361447, z: 0.5094193}
  - {x: 3.0882182, y: 1.7609795, z: 0.50020736}
  - {x: 3.1427312, y: 1.6852256, z: 0.48809996}
  - {x: 3.1966362, y: 1.6093038, z: 0.47437072}
  - {x: 3.2503972, y: 1.533416, z: 0.45978805}
  - {x: 3.3044853, y: 1.4580148, z: 0.44517717}
  - {x: 3.360944, y: 1.3838763, z: 0.43267238}
  - {x: 3.424287, y: 1.3278757, z: 0.41855475}
  - {x: 3.495121, y: 1.2846401, z: 0.39577428}
  - {x: 3.5685997, y: 1.2510928, z: 0.36611488}
  - {x: 3.6427038, y: 1.2272463, z: 0.3294704}
  - {x: 3.7153463, y: 1.2145956, z: 0.28521633}
  - {x: 3.783749, y: 1.2101123, z: 0.233186}
  - {x: 3.8455777, y: 1.2093123, z: 0.17339447}
  - {x: 3.8995235, y: 1.211815, z: 0.10641197}
  - {x: 3.945596, y: 1.2167298, z: 0.033923168}
  - {x: 3.9850404, y: 1.2230706, z: -0.042345285}
  - {x: 4.0205603, y: 1.237484, z: -0.13296607}
  - {x: 4.044555, y: 1.2687954, z: -0.22292206}
  - {x: 4.057097, y: 1.3296328, z: -0.29782006}
  - {x: 4.056652, y: 1.4239893, z: -0.30844736}
  restPositions:
  - {x: 2.579362, y: 2.1138134, z: 0.52465117, w: 1}
  - {x: 2.6688619, y: 2.0990632, z: 0.52441823, w: 1}
  - {x: 2.7533731, y: 2.065188, z: 0.52354765, w: 1}
  - {x: 2.8323312, y: 2.0198858, z: 0.52186036, w: 1}
  - {x: 2.9057515, y: 1.966042, z: 0.51915836, w: 1}
  - {x: 2.9730096, y: 1.9047445, z: 0.51515824, w: 1}
  - {x: 3.032553, y: 1.8361447, z: 0.5094193, w: 1}
  - {x: 3.0882182, y: 1.7609795, z: 0.50020736, w: 1}
  - {x: 3.1427312, y: 1.6852256, z: 0.48809996, w: 1}
  - {x: 3.1966362, y: 1.6093038, z: 0.47437072, w: 1}
  - {x: 3.2503972, y: 1.533416, z: 0.45978805, w: 1}
  - {x: 3.3044853, y: 1.4580148, z: 0.44517717, w: 1}
  - {x: 3.360944, y: 1.3838763, z: 0.43267238, w: 1}
  - {x: 3.424287, y: 1.3278757, z: 0.41855475, w: 1}
  - {x: 3.495121, y: 1.2846401, z: 0.39577428, w: 1}
  - {x: 3.5685997, y: 1.2510928, z: 0.36611488, w: 1}
  - {x: 3.6427038, y: 1.2272463, z: 0.3294704, w: 1}
  - {x: 3.7153463, y: 1.2145956, z: 0.28521633, w: 1}
  - {x: 3.783749, y: 1.2101123, z: 0.233186, w: 1}
  - {x: 3.8455777, y: 1.2093123, z: 0.17339447, w: 1}
  - {x: 3.8995235, y: 1.211815, z: 0.10641197, w: 1}
  - {x: 3.945596, y: 1.2167298, z: 0.033923168, w: 1}
  - {x: 3.9850404, y: 1.2230706, z: -0.042345285, w: 1}
  - {x: 4.0205603, y: 1.237484, z: -0.13296607, w: 1}
  - {x: 4.044555, y: 1.2687954, z: -0.22292206, w: 1}
  - {x: 4.057097, y: 1.3296328, z: -0.29782006, w: 1}
  - {x: 4.056652, y: 1.4239893, z: -0.30844736, w: 1}
  orientations:
  - {x: 0.057609573, y: 0.7056664, z: -0.057759702, w: 0.70383227}
  - {x: 0.13327144, y: 0.6978678, z: -0.13465141, w: 0.6907158}
  - {x: 0.1801, y: 0.6905288, z: -0.18398973, w: 0.67593026}
  - {x: 0.21581385, y: 0.6842925, z: -0.22390229, w: 0.65957254}
  - {x: 0.24741438, y: 0.6787809, z: -0.26256636, w: 0.6396104}
  - {x: 0.278339, y: 0.67383504, z: -0.3064557, w: 0.61201197}
  - {x: 0.28914383, y: 0.6822046, z: -0.34092638, w: 0.57858616}
  - {x: 0.2821689, y: 0.6962081, z: -0.35171473, w: 0.55854434}
  - {x: 0.27750668, y: 0.70421994, z: -0.35704508, w: 0.5473419}
  - {x: 0.27449557, y: 0.7085947, z: -0.3588714, w: 0.5419938}
  - {x: 0.27309814, y: 0.7093562, z: -0.3566591, w: 0.54316247}
  - {x: 0.27464816, y: 0.70076126, z: -0.34213462, w: 0.5625353}
  - {x: 0.21798195, y: 0.7313224, z: -0.2719132, w: 0.58627194}
  - {x: 0.15323637, y: 0.7803054, z: -0.21024741, w: 0.56871635}
  - {x: 0.11125524, y: 0.8123822, z: -0.16488455, w: 0.5481519}
  - {x: 0.07384123, y: 0.8411288, z: -0.11889071, w: 0.52241254}
  - {x: 0.03612231, y: 0.86948067, z: -0.06430331, w: 0.48842975}
  - {x: 0.011573606, y: 0.8956337, z: -0.023344696, w: 0.4440286}
  - {x: 0.0018155944, y: 0.92063266, z: -0.0042814696, w: 0.39040226}
  - {x: -0.0048369253, y: 0.94298667, z: 0.013717245, w: 0.33251253}
  - {x: -0.007981662, y: 0.95980597, z: 0.027437976, w: 0.27920598}
  - {x: -0.008710552, y: 0.9709986, z: 0.035804, w: 0.23622876}
  - {x: -0.013637559, y: 0.97995406, z: 0.0721635, w: 0.18519308}
  - {x: -0.020990413, y: 0.9785015, z: 0.16013579, w: 0.12826082}
  - {x: -0.027454121, y: 0.94027114, z: 0.3301884, w: 0.078180574}
  - {x: 0.013938006, y: 0.74549705, z: 0.6661806, w: -0.015597487}
  - {x: 0.013938006, y: 0.74549705, z: 0.6661806, w: -0.015597487}
  restOrientations:
  - {x: 0.057609573, y: 0.7056664, z: -0.057759702, w: 0.70383227}
  - {x: 0.13327144, y: 0.6978678, z: -0.13465141, w: 0.6907158}
  - {x: 0.1801, y: 0.6905288, z: -0.18398973, w: 0.67593026}
  - {x: 0.21581385, y: 0.6842925, z: -0.22390229, w: 0.65957254}
  - {x: 0.24741438, y: 0.6787809, z: -0.26256636, w: 0.6396104}
  - {x: 0.278339, y: 0.67383504, z: -0.3064557, w: 0.61201197}
  - {x: 0.28914383, y: 0.6822046, z: -0.34092638, w: 0.57858616}
  - {x: 0.2821689, y: 0.6962081, z: -0.35171473, w: 0.55854434}
  - {x: 0.27750668, y: 0.70421994, z: -0.35704508, w: 0.5473419}
  - {x: 0.27449557, y: 0.7085947, z: -0.3588714, w: 0.5419938}
  - {x: 0.27309814, y: 0.7093562, z: -0.3566591, w: 0.54316247}
  - {x: 0.27464816, y: 0.70076126, z: -0.34213462, w: 0.5625353}
  - {x: 0.21798195, y: 0.7313224, z: -0.2719132, w: 0.58627194}
  - {x: 0.15323637, y: 0.7803054, z: -0.21024741, w: 0.56871635}
  - {x: 0.11125524, y: 0.8123822, z: -0.16488455, w: 0.5481519}
  - {x: 0.07384123, y: 0.8411288, z: -0.11889071, w: 0.52241254}
  - {x: 0.03612231, y: 0.86948067, z: -0.06430331, w: 0.48842975}
  - {x: 0.011573606, y: 0.8956337, z: -0.023344696, w: 0.4440286}
  - {x: 0.0018155944, y: 0.92063266, z: -0.0042814696, w: 0.39040226}
  - {x: -0.0048369253, y: 0.94298667, z: 0.013717245, w: 0.33251253}
  - {x: -0.007981662, y: 0.95980597, z: 0.027437976, w: 0.27920598}
  - {x: -0.008710552, y: 0.9709986, z: 0.035804, w: 0.23622876}
  - {x: -0.013637559, y: 0.97995406, z: 0.0721635, w: 0.18519308}
  - {x: -0.020990413, y: 0.9785015, z: 0.16013579, w: 0.12826082}
  - {x: -0.027454121, y: 0.94027114, z: 0.3301884, w: 0.078180574}
  - {x: 0.013938006, y: 0.74549705, z: 0.6661806, w: -0.015597487}
  - {x: 0.013938006, y: 0.74549705, z: 0.6661806, w: -0.015597487}
  velocities:
  - {x: 0, y: 0, z: 0}
  - {x: 0, y: 0, z: 0}
  - {x: 0, y: 0, z: 0}
  - {x: 0, y: 0, z: 0}
  - {x: 0, y: 0, z: 0}
  - {x: 0, y: 0, z: 0}
  - {x: 0, y: 0, z: 0}
  - {x: 0, y: 0, z: 0}
  - {x: 0, y: 0, z: 0}
  - {x: 0, y: 0, z: 0}
  - {x: 0, y: 0, z: 0}
  - {x: 0, y: 0, z: 0}
  - {x: 0, y: 0, z: 0}
  - {x: 0, y: 0, z: 0}
  - {x: 0, y: 0, z: 0}
  - {x: 0, y: 0, z: 0}
  - {x: 0, y: 0, z: 0}
  - {x: 0, y: 0, z: 0}
  - {x: 0, y: 0, z: 0}
  - {x: 0, y: 0, z: 0}
  - {x: 0, y: 0, z: 0}
  - {x: 0, y: 0, z: 0}
  - {x: 0, y: 0, z: 0}
  - {x: 0, y: 0, z: 0}
  - {x: 0, y: 0, z: 0}
  - {x: 0, y: 0, z: 0}
  - {x: 0, y: 0, z: 0}
  angularVelocities:
  - {x: 0, y: 0, z: 0}
  - {x: 0, y: 0, z: 0}
  - {x: 0, y: 0, z: 0}
  - {x: 0, y: 0, z: 0}
  - {x: 0, y: 0, z: 0}
  - {x: 0, y: 0, z: 0}
  - {x: 0, y: 0, z: 0}
  - {x: 0, y: 0, z: 0}
  - {x: 0, y: 0, z: 0}
  - {x: 0, y: 0, z: 0}
  - {x: 0, y: 0, z: 0}
  - {x: 0, y: 0, z: 0}
  - {x: 0, y: 0, z: 0}
  - {x: 0, y: 0, z: 0}
  - {x: 0, y: 0, z: 0}
  - {x: 0, y: 0, z: 0}
  - {x: 0, y: 0, z: 0}
  - {x: 0, y: 0, z: 0}
  - {x: 0, y: 0, z: 0}
  - {x: 0, y: 0, z: 0}
  - {x: 0, y: 0, z: 0}
  - {x: 0, y: 0, z: 0}
  - {x: 0, y: 0, z: 0}
  - {x: 0, y: 0, z: 0}
  - {x: 0, y: 0, z: 0}
  - {x: 0, y: 0, z: 0}
  - {x: 0, y: 0, z: 0}
  invMasses:
  - 10
  - 10
  - 10.000001
  - 10
  - 10
  - 10
  - 10
  - 10
  - 10
  - 10
  - 10
  - 10
  - 10
  - 10
  - 10
  - 10
  - 10
  - 10
  - 10
  - 10
  - 10
  - 10
  - 10
  - 10
  - 10
  - 10
  - 10
  invRotationalMasses:
  - 100
  - 100
  - 100.000015
  - 100
  - 100
  - 100
  - 100
  - 100
  - 100
  - 100
  - 100
  - 100
  - 100
  - 100
  - 100
  - 100
  - 100
  - 100
  - 100
  - 100
  - 100
  - 100
  - 100
  - 100
  - 100
  - 100
  - 100
  filters: 0200ffff0200ffff0200ffff0200ffff0200ffff0200ffff0200ffff0200ffff0200ffff0200ffff0200ffff0200ffff0200ffff0200ffff0200ffff0200ffff0200ffff0200ffff0200ffff0200ffff0200ffff0200ffff0200ffff0200ffff0200ffff0200ffff0200ffff
  principalRadii:
  - {x: 0.1, y: 0.1, z: 0.1}
  - {x: 0.1, y: 0.1, z: 0.1}
  - {x: 0.099999994, y: 0.099999994, z: 0.099999994}
  - {x: 0.1, y: 0.1, z: 0.1}
  - {x: 0.1, y: 0.1, z: 0.1}
  - {x: 0.1, y: 0.1, z: 0.1}
  - {x: 0.1, y: 0.1, z: 0.1}
  - {x: 0.1, y: 0.1, z: 0.1}
  - {x: 0.1, y: 0.1, z: 0.1}
  - {x: 0.1, y: 0.1, z: 0.1}
  - {x: 0.1, y: 0.1, z: 0.1}
  - {x: 0.1, y: 0.1, z: 0.1}
  - {x: 0.1, y: 0.1, z: 0.1}
  - {x: 0.1, y: 0.1, z: 0.1}
  - {x: 0.1, y: 0.1, z: 0.1}
  - {x: 0.1, y: 0.1, z: 0.1}
  - {x: 0.1, y: 0.1, z: 0.1}
  - {x: 0.1, y: 0.1, z: 0.1}
  - {x: 0.1, y: 0.1, z: 0.1}
  - {x: 0.1, y: 0.1, z: 0.1}
  - {x: 0.1, y: 0.1, z: 0.1}
  - {x: 0.1, y: 0.1, z: 0.1}
  - {x: 0.1, y: 0.1, z: 0.1}
  - {x: 0.1, y: 0.1, z: 0.1}
  - {x: 0.1, y: 0.1, z: 0.1}
  - {x: 0.1, y: 0.1, z: 0.1}
  - {x: 0.1, y: 0.1, z: 0.1}
  colors:
  - {r: 1, g: 1, b: 1, a: 1}
  - {r: 1, g: 1, b: 1, a: 1}
  - {r: 0.99999994, g: 0.99999994, b: 0.99999994, a: 0.99999994}
  - {r: 1, g: 1, b: 1, a: 1}
  - {r: 1, g: 1, b: 1, a: 1}
  - {r: 1, g: 1, b: 1, a: 1}
  - {r: 1, g: 1, b: 1, a: 1}
  - {r: 1, g: 1, b: 1, a: 1}
  - {r: 1, g: 1, b: 1, a: 1}
  - {r: 1, g: 1, b: 1, a: 1}
  - {r: 1, g: 1, b: 1, a: 1}
  - {r: 1, g: 1, b: 1, a: 1}
  - {r: 1, g: 1, b: 1, a: 1}
  - {r: 1, g: 1, b: 1, a: 1}
  - {r: 1, g: 1, b: 1, a: 1}
  - {r: 1, g: 1, b: 1, a: 1}
  - {r: 1, g: 1, b: 1, a: 1}
  - {r: 1, g: 1, b: 1, a: 1}
  - {r: 1, g: 1, b: 1, a: 1}
  - {r: 1, g: 1, b: 1, a: 1}
  - {r: 1, g: 1, b: 1, a: 1}
  - {r: 1, g: 1, b: 1, a: 1}
  - {r: 1, g: 1, b: 1, a: 1}
  - {r: 1, g: 1, b: 1, a: 1}
  - {r: 1, g: 1, b: 1, a: 1}
  - {r: 1, g: 1, b: 1, a: 1}
  - {r: 1, g: 1, b: 1, a: 1}
  points: 
  edges: 000000000100000001000000020000000200000003000000030000000400000004000000050000000500000006000000060000000700000007000000080000000800000009000000090000000a0000000a0000000b0000000b0000000c0000000c0000000d0000000d0000000e0000000e0000000f0000000f00000010000000100000001100000011000000120000001200000013000000130000001400000014000000150000001500000016000000160000001700000017000000180000001800000019000000190000001a000000
  triangles: 
  distanceConstraintsData:
    batches: []
  bendConstraintsData:
    batches: []
  skinConstraintsData:
    batches: []
  tetherConstraintsData:
    batches: []
  stretchShearConstraintsData:
    batches:
    - m_IDs: 000000000100000002000000030000000400000005000000060000000700000008000000090000000a0000000b0000000c000000
      m_IDToIndex: 000000000100000002000000030000000400000005000000060000000700000008000000090000000a0000000b0000000c000000
      m_ConstraintCount: 13
      m_ActiveConstraintCount: 13
      m_InitialActiveConstraintCount: 13
      particleIndices:
        serializedContents: 000000000100000002000000030000000400000005000000060000000700000008000000090000000a0000000b0000000c0000000d0000000e0000000f00000010000000110000001200000013000000140000001500000016000000170000001800000019000000
        m_AlignBytes: 16
      lambdas:
        serializedContents: []
        m_AlignBytes: 16
      orientationIndices:
        serializedContents: 00000000020000000400000006000000080000000a0000000c0000000e0000001000000012000000140000001600000018000000
        m_AlignBytes: 16
      restLengths:
        serializedContents:
        - 0.09070758
        - 0.091046706
        - 0.09108811
        - 0.093985535
        - 0.09411885
        - 0.09393796
        - 0.08571882
        - 0.08604777
        - 0.085996546
        - 0.08601421
        - 0.086031705
        - 0.09839477
        - 0.09730465
        m_AlignBytes: 16
      restOrientations:
        serializedContents:
        - {x: 0, y: 0, z: 0, w: 1}
        - {x: 0, y: 0, z: 0, w: 1}
        - {x: 0, y: 0, z: 0, w: 1}
        - {x: 0, y: 0, z: 0, w: 1}
        - {x: 0, y: 0, z: 0, w: 1}
        - {x: 0, y: 0, z: 0, w: 1}
        - {x: 0, y: 0, z: 0, w: 1}
        - {x: 0, y: 0, z: 0, w: 1}
        - {x: 0, y: 0, z: 0, w: 1}
        - {x: 0, y: 0, z: 0, w: 1}
        - {x: 0, y: 0, z: 0, w: 1}
        - {x: 0, y: 0, z: 0, w: 1}
        - {x: 0, y: 0, z: 0, w: 1}
        m_AlignBytes: 16
      stiffnesses:
        serializedContents:
        - {x: 0, y: 0, z: 0}
        - {x: 0, y: 0, z: 0}
        - {x: 0, y: 0, z: 0}
        - {x: 0, y: 0, z: 0}
        - {x: 0, y: 0, z: 0}
        - {x: 0, y: 0, z: 0}
        - {x: 0, y: 0, z: 0}
        - {x: 0, y: 0, z: 0}
        - {x: 0, y: 0, z: 0}
        - {x: 0, y: 0, z: 0}
        - {x: 0, y: 0, z: 0}
        - {x: 0, y: 0, z: 0}
        - {x: 0, y: 0, z: 0}
        m_AlignBytes: 16
    - m_IDs: 000000000100000002000000030000000400000005000000060000000700000008000000090000000a0000000b0000000c000000
      m_IDToIndex: 000000000100000002000000030000000400000005000000060000000700000008000000090000000a0000000b0000000c000000
      m_ConstraintCount: 13
      m_ActiveConstraintCount: 13
      m_InitialActiveConstraintCount: 13
      particleIndices:
        serializedContents: 0100000002000000030000000400000005000000060000000700000008000000090000000a0000000b0000000c0000000d0000000e0000000f000000100000001100000012000000130000001400000015000000160000001700000018000000190000001a000000
        m_AlignBytes: 16
      lambdas:
        serializedContents: []
        m_AlignBytes: 16
      orientationIndices:
        serializedContents: 01000000030000000500000007000000090000000b0000000d0000000f0000001100000013000000150000001700000019000000
        m_AlignBytes: 16
      restLengths:
        serializedContents:
        - 0.091051884
        - 0.091087796
        - 0.091018036
        - 0.09411117
        - 0.09413744
        - 0.09402381
        - 0.08605648
        - 0.086040035
        - 0.086059235
        - 0.08604107
        - 0.08609848
        - 0.09822545
        - 0.09495416
        m_AlignBytes: 16
      restOrientations:
        serializedContents:
        - {x: 0, y: 0, z: 0, w: 1}
        - {x: 0, y: 0, z: 0, w: 1}
        - {x: 0, y: 0, z: 0, w: 1}
        - {x: 0, y: 0, z: 0, w: 1}
        - {x: 0, y: 0, z: 0, w: 1}
        - {x: 0, y: 0, z: 0, w: 1}
        - {x: 0, y: 0, z: 0, w: 1}
        - {x: 0, y: 0, z: 0, w: 1}
        - {x: 0, y: 0, z: 0, w: 1}
        - {x: 0, y: 0, z: 0, w: 1}
        - {x: 0, y: 0, z: 0, w: 1}
        - {x: 0, y: 0, z: 0, w: 1}
        - {x: 0, y: 0, z: 0, w: 1}
        m_AlignBytes: 16
      stiffnesses:
        serializedContents:
        - {x: 0, y: 0, z: 0}
        - {x: 0, y: 0, z: 0}
        - {x: 0, y: 0, z: 0}
        - {x: 0, y: 0, z: 0}
        - {x: 0, y: 0, z: 0}
        - {x: 0, y: 0, z: 0}
        - {x: 0, y: 0, z: 0}
        - {x: 0, y: 0, z: 0}
        - {x: 0, y: 0, z: 0}
        - {x: 0, y: 0, z: 0}
        - {x: 0, y: 0, z: 0}
        - {x: 0, y: 0, z: 0}
        - {x: 0, y: 0, z: 0}
        m_AlignBytes: 16
  bendTwistConstraintsData:
    batches:
    - m_IDs: 000000000100000002000000030000000400000005000000060000000700000008000000090000000a0000000b0000000c000000
      m_IDToIndex: 000000000100000002000000030000000400000005000000060000000700000008000000090000000a0000000b0000000c000000
      m_ConstraintCount: 13
      m_ActiveConstraintCount: 13
      m_InitialActiveConstraintCount: 13
      particleIndices:
        serializedContents: 000000000100000002000000030000000400000005000000060000000700000008000000090000000a0000000b0000000c0000000d0000000e0000000f00000010000000110000001200000013000000140000001500000016000000170000001800000019000000
        m_AlignBytes: 16
      lambdas:
        serializedContents: []
        m_AlignBytes: 16
      restDarbouxVectors:
        serializedContents:
        - {x: 0.10871924, y: 0.0037074524, z: -0.001035153, w: 0.9940651}
        - {x: 0.055794284, y: 0.006462895, z: -0.0042031505, w: 0.9984125}
        - {x: 0.05769783, y: 0.0128307715, z: -0.013103782, w: 0.9981656}
        - {x: 0.0043450636, y: 0.01627754, z: -0.021882141, w: 0.99961865}
        - {x: -0.00043982762, y: 0.004578793, z: -0.0062436294, w: 0.99997}
        - {x: -0.011686346, y: -0.013891234, z: 0.018245425, w: 0.9996687}
        - {x: -0.0925484, y: 0.037392996, z: -0.026647972, w: 0.99464905}
        - {x: -0.059749372, y: 0.035615776, z: -0.012625103, w: 0.997498}
        - {x: -0.047680892, y: 0.05128083, z: -0.0051390687, w: 0.9975322}
        - {x: -0.019157967, y: 0.062026426, z: 0.0006137731, w: 0.9978905}
        - {x: -0.008269197, y: 0.044328056, z: 0.0029047942, w: 0.9989786}
        - {x: -0.08845174, y: 0.05485287, z: 0.013175021, w: 0.99448174}
        - {x: -0.37957448, y: 0.050057683, z: 0.090804964, w: 0.9193324}
        m_AlignBytes: 16
      stiffnesses:
        serializedContents:
        - {x: 0, y: 0, z: 0}
        - {x: 0, y: 0, z: 0}
        - {x: 0, y: 0, z: 0}
        - {x: 0, y: 0, z: 0}
        - {x: 0, y: 0, z: 0}
        - {x: 0, y: 0, z: 0}
        - {x: 0, y: 0, z: 0}
        - {x: 0, y: 0, z: 0}
        - {x: 0, y: 0, z: 0}
        - {x: 0, y: 0, z: 0}
        - {x: 0, y: 0, z: 0}
        - {x: 0, y: 0, z: 0}
        - {x: 0, y: 0, z: 0}
        m_AlignBytes: 16
      plasticity:
        serializedContents:
        - {x: 0, y: 0}
        - {x: 0, y: 0}
        - {x: 0, y: 0}
        - {x: 0, y: 0}
        - {x: 0, y: 0}
        - {x: 0, y: 0}
        - {x: 0, y: 0}
        - {x: 0, y: 0}
        - {x: 0, y: 0}
        - {x: 0, y: 0}
        - {x: 0, y: 0}
        - {x: 0, y: 0}
        - {x: 0, y: 0}
        m_AlignBytes: 16
    - m_IDs: 000000000100000002000000030000000400000005000000060000000700000008000000090000000a0000000b0000000c000000
      m_IDToIndex: 000000000100000002000000030000000400000005000000060000000700000008000000090000000a0000000b0000000c000000
      m_ConstraintCount: 13
      m_ActiveConstraintCount: 13
      m_InitialActiveConstraintCount: 13
      particleIndices:
        serializedContents: 0100000002000000030000000400000005000000060000000700000008000000090000000a0000000b0000000c0000000d0000000e0000000f000000100000001100000012000000130000001400000015000000160000001700000018000000190000001a000000
        m_AlignBytes: 16
      lambdas:
        serializedContents: []
        m_AlignBytes: 16
      restDarbouxVectors:
        serializedContents:
        - {x: 0.06973555, y: 0.0049793213, z: -0.002411434, w: 0.9975502}
        - {x: 0.05284254, y: 0.0087558385, z: -0.007157843, w: 0.9985388}
        - {x: 0.036579043, y: 0.021362424, z: -0.026388898, w: 0.99875385}
        - {x: 0.0014500914, y: 0.009130365, z: -0.0124238655, w: 0.99988014}
        - {x: -0.002919091, y: -0.00030961426, z: 0.00041920398, w: 0.9999957}
        - {x: -0.09806045, y: 0.00045670834, z: -0.00047988753, w: 0.9951803}
        - {x: -0.06286509, y: 0.032413978, z: -0.01619846, w: 0.9973641}
        - {x: -0.066481315, y: 0.04294163, z: -0.009343099, w: 0.99681944}
        - {x: -0.021369446, y: 0.059122633, z: -0.0018162053, w: 0.99802035}
        - {x: -0.014011255, y: 0.055836763, z: 0.002409443, w: 0.9983387}
        - {x: -0.03659283, y: 0.051530816, z: 0.005710332, w: 0.99798447}
        - {x: -0.17439902, y: 0.041565735, z: 0.022703508, w: 0.98353547}
        - {x: 0, y: 0, z: 0, w: 1}
        m_AlignBytes: 16
      stiffnesses:
        serializedContents:
        - {x: 0, y: 0, z: 0}
        - {x: 0, y: 0, z: 0}
        - {x: 0, y: 0, z: 0}
        - {x: 0, y: 0, z: 0}
        - {x: 0, y: 0, z: 0}
        - {x: 0, y: 0, z: 0}
        - {x: 0, y: 0, z: 0}
        - {x: 0, y: 0, z: 0}
        - {x: 0, y: 0, z: 0}
        - {x: 0, y: 0, z: 0}
        - {x: 0, y: 0, z: 0}
        - {x: 0, y: 0, z: 0}
        - {x: 0, y: 0, z: 0}
        m_AlignBytes: 16
      plasticity:
        serializedContents:
        - {x: 0, y: 0}
        - {x: 0, y: 0}
        - {x: 0, y: 0}
        - {x: 0, y: 0}
        - {x: 0, y: 0}
        - {x: 0, y: 0}
        - {x: 0, y: 0}
        - {x: 0, y: 0}
        - {x: 0, y: 0}
        - {x: 0, y: 0}
        - {x: 0, y: 0}
        - {x: 0, y: 0}
        - {x: 0, y: 0}
        m_AlignBytes: 16
  shapeMatchingConstraintsData:
    batches: []
  aerodynamicConstraintsData:
    batches: []
  chainConstraintsData:
    batches:
    - m_IDs: 00000000
      m_IDToIndex: 00000000
      m_ConstraintCount: 1
      m_ActiveConstraintCount: 1
      m_InitialActiveConstraintCount: 1
      particleIndices:
        serializedContents: 000000000100000002000000030000000400000005000000060000000700000008000000090000000a0000000b0000000c0000000d0000000e0000000f000000100000001100000012000000130000001400000015000000160000001700000018000000190000001a000000
        m_AlignBytes: 16
      lambdas:
        serializedContents: []
        m_AlignBytes: 16
      firstParticle:
        serializedContents: 00000000
        m_AlignBytes: 16
      numParticles:
        serializedContents: 1b000000
        m_AlignBytes: 16
      lengths:
        serializedContents:
        - {x: 0.0909964, y: 0.0909964}
        m_AlignBytes: 16
  volumeConstraintsData:
    batches: []
  groups:
  - {fileID: 60835387937387262}
  - {fileID: 1661278503569545086}
  - {fileID: 6279313014708937343}
  - {fileID: 7993697264512536930}
  - {fileID: 6959370792855237396}
  - {fileID: -2967701407472697048}
  path:
    m_Names:
    - static
    - control point
    - control point
    - control point
    - control point
    - dynamic
    m_Points:
      data:
      - tangentMode: 0
        inTangent: {x: -0.25, y: -0, z: -0}
        position: {x: 2.579362, y: 2.1138134, z: 0.52465117}
        outTangent: {x: 0.13637543, y: 0, z: 0}
      - tangentMode: 1
        inTangent: {x: -0.11361718, y: 0.14999413, z: 0.014130473}
        position: {x: 3.032553, y: 1.8361447, z: 0.5094193}
        outTangent: {x: 0.11361718, y: -0.14999413, z: -0.014130473}
      - tangentMode: 1
        inTangent: {x: -0.058650255, y: 0.07002282, z: 0.008168817}
        position: {x: 3.360944, y: 1.3838763, z: 0.43267238}
        outTangent: {x: 0.058650255, y: -0.07002282, z: -0.008168817}
      - tangentMode: 0
        inTangent: {x: -0.13627852, y: 0.012071297, z: 0.09265565}
        position: {x: 3.7153463, y: 1.2145956, z: 0.28521633}
        outTangent: {x: 0.1208241, y: -0.010702372, z: -0.082148194}
      - tangentMode: 1
        inTangent: {x: -0.06937742, y: -0.0128109455, z: 0.14696598}
        position: {x: 3.9850404, y: 1.2230706, z: -0.042345285}
        outTangent: {x: 0.06937742, y: 0.0128109455, z: -0.14696598}
      - tangentMode: 0
        inTangent: {x: 0.006046295, y: -0.12518597, z: -0.04049158}
        position: {x: 4.056652, y: 1.4239893, z: -0.30844736}
        outTangent: {x: -0.011476494, y: 0.23761594, z: 0.07685722}
    m_Normals:
      data:
      - {x: 0, y: 1, z: 0}
      - {x: 0, y: 1, z: 0}
      - {x: 0, y: 1, z: 0}
      - {x: 0, y: 1, z: 0}
      - {x: 0, y: 1, z: 0}
      - {x: 0, y: 1, z: 0}
    m_Colors:
      data:
      - {r: 1, g: 1, b: 1, a: 1}
      - {r: 1, g: 1, b: 1, a: 1}
      - {r: 1, g: 1, b: 1, a: 1}
      - {r: 1, g: 1, b: 1, a: 1}
      - {r: 1, g: 1, b: 1, a: 1}
      - {r: 1, g: 1, b: 1, a: 1}
    m_Thickness:
      data:
      - 1
      - 1
      - 1
      - 1
      - 1
      - 1
    m_Masses:
      data:
      - 0.1
      - 0.1
      - 0.1
      - 0.1
      - 0.1
      - 0.1
    m_RotationalMasses:
      data:
      - 0.01
      - 0.01
      - 0.01
      - 0.01
      - 0.01
      - 0.01
    m_Filters:
      data: 0200ffff0200ffff0200ffff0200ffff0200ffff0200ffff
    m_Closed: 0
    m_ArcLengthTable:
    - 0
    - 0.019944122
    - 0.04082989
    - 0.06266162
    - 0.08541926
    - 0.1090641
    - 0.13354316
    - 0.15879257
    - 0.1847402
    - 0.21130767
    - 0.23841193
    - 0.26596656
    - 0.29388273
    - 0.3220702
    - 0.35043812
    - 0.37889564
    - 0.4073527
    - 0.4357207
    - 0.46391344
    - 0.49184772
    - 0.5194445
    - 0.54663
    - 0.5741969
    - 0.6028652
    - 0.63245505
    - 0.66278416
    - 0.69366884
    - 0.7249241
    - 0.75636405
    - 0.7878021
    - 0.8190511
    - 0.8499235
    - 0.8802315
    - 0.909787
    - 0.93840194
    - 0.9658882
    - 0.9920578
    - 1.016723
    - 1.0396968
    - 1.0607929
    - 1.0798267
    - 1.0966161
    - 1.1109843
    - 1.1246319
    - 1.1393499
    - 1.1550934
    - 1.1718073
    - 1.1894301
    - 1.2078964
    - 1.2271377
    - 1.2470847
    - 1.2676678
    - 1.2888175
    - 1.3104658
    - 1.3325461
    - 1.3549945
    - 1.3777498
    - 1.4007546
    - 1.4239558
    - 1.4473053
    - 1.4707612
    - 1.4942881
    - 1.5178587
    - 1.5414547
    - 1.5622118
    - 1.5826559
    - 1.6028312
    - 1.622783
    - 1.6425567
    - 1.6621985
    - 1.6817553
    - 1.7012736
    - 1.7207999
    - 1.7403809
    - 1.7600625
    - 1.77989
    - 1.799908
    - 1.8201604
    - 1.8406898
    - 1.8615377
    - 1.8827446
    - 1.9043496
    - 1.9263908
    - 1.948905
    - 1.9719279
    - 1.995134
    - 2.018131
    - 2.0408504
    - 2.0632205
    - 2.0851686
    - 2.106623
    - 2.1275144
    - 2.1477797
    - 2.1673641
    - 2.1862254
    - 2.2043393
    - 2.221705
    - 2.2383535
    - 2.254357
    - 2.2698388
    - 2.2849813
    - 2.3000302
    - 2.3152902
    - 2.3311098
    - 2.347859
    - 2.3659065
    m_TotalSplineLenght: 2.3659065
    OnPathChanged:
      m_PersistentCalls:
        m_Calls: []
    OnControlPointAdded:
      m_PersistentCalls:
        m_Calls: []
    OnControlPointRemoved:
      m_PersistentCalls:
        m_Calls: []
    OnControlPointRenamed:
      m_PersistentCalls:
        m_Calls: []
  thickness: 0.1
  resolution: 1
  m_InterParticleDistance: 0.0909964
  totalParticles: 27
  m_RestLength: 2.359298
  restLengths:
  - 0.09070758
  - 0.091051884
  - 0.091046706
  - 0.091087796
  - 0.09108811
  - 0.091018036
  - 0.093985535
  - 0.09411117
  - 0.09411885
  - 0.09413744
  - 0.09393796
  - 0.09402381
  - 0.08571882
  - 0.08605648
  - 0.08604777
  - 0.086040035
  - 0.085996546
  - 0.086059235
  - 0.08601421
  - 0.08604107
  - 0.086031705
  - 0.08609848
  - 0.09839477
  - 0.09822545
  - 0.09730465
  - 0.09495416
  - 0
  keepInitialShape: 1
--- !u!114 &60835387937387262
MonoBehaviour:
  m_ObjectHideFlags: 0
  m_CorrespondingSourceObject: {fileID: 0}
  m_PrefabInstance: {fileID: 0}
  m_PrefabAsset: {fileID: 0}
  m_GameObject: {fileID: 0}
  m_Enabled: 1
  m_EditorHideFlags: 0
  m_Script: {fileID: 11500000, guid: 775ad4994fda946d1a5936c7e2dfc785, type: 3}
  m_Name: static
  m_EditorClassIdentifier: 
  particleIndices: 00000000
  m_Blueprint: {fileID: 11400000}
--- !u!114 &1661278503569545086
MonoBehaviour:
  m_ObjectHideFlags: 0
  m_CorrespondingSourceObject: {fileID: 0}
  m_PrefabInstance: {fileID: 0}
  m_PrefabAsset: {fileID: 0}
  m_GameObject: {fileID: 0}
  m_Enabled: 1
  m_EditorHideFlags: 0
  m_Script: {fileID: 11500000, guid: 775ad4994fda946d1a5936c7e2dfc785, type: 3}
  m_Name: control point
  m_EditorClassIdentifier: 
  particleIndices: 06000000
  m_Blueprint: {fileID: 11400000}
--- !u!114 &6279313014708937343
MonoBehaviour:
  m_ObjectHideFlags: 0
  m_CorrespondingSourceObject: {fileID: 0}
  m_PrefabInstance: {fileID: 0}
  m_PrefabAsset: {fileID: 0}
  m_GameObject: {fileID: 0}
  m_Enabled: 1
  m_EditorHideFlags: 0
  m_Script: {fileID: 11500000, guid: 775ad4994fda946d1a5936c7e2dfc785, type: 3}
  m_Name: control point
  m_EditorClassIdentifier: 
  particleIndices: 0c000000
  m_Blueprint: {fileID: 11400000}
--- !u!114 &6959370792855237396
MonoBehaviour:
  m_ObjectHideFlags: 0
  m_CorrespondingSourceObject: {fileID: 0}
  m_PrefabInstance: {fileID: 0}
  m_PrefabAsset: {fileID: 0}
  m_GameObject: {fileID: 0}
  m_Enabled: 1
  m_EditorHideFlags: 0
  m_Script: {fileID: 11500000, guid: 775ad4994fda946d1a5936c7e2dfc785, type: 3}
  m_Name: control point
  m_EditorClassIdentifier: 
  particleIndices: 16000000
  m_Blueprint: {fileID: 11400000}
--- !u!114 &7993697264512536930
MonoBehaviour:
  m_ObjectHideFlags: 0
  m_CorrespondingSourceObject: {fileID: 0}
  m_PrefabInstance: {fileID: 0}
  m_PrefabAsset: {fileID: 0}
  m_GameObject: {fileID: 0}
  m_Enabled: 1
  m_EditorHideFlags: 0
  m_Script: {fileID: 11500000, guid: 775ad4994fda946d1a5936c7e2dfc785, type: 3}
  m_Name: control point
  m_EditorClassIdentifier: 
  particleIndices: 11000000
  m_Blueprint: {fileID: 11400000}
