%YAML 1.1
%TAG !u! tag:unity3d.com,2011:
--- !u!114 &-8419124773465016327
MonoBehaviour:
  m_ObjectHideFlags: 0
  m_CorrespondingSourceObject: {fileID: 0}
  m_PrefabInstance: {fileID: 0}
  m_PrefabAsset: {fileID: 0}
  m_GameObject: {fileID: 0}
  m_Enabled: 1
  m_EditorHideFlags: 0
  m_Script: {fileID: 11500000, guid: 775ad4994fda946d1a5936c7e2dfc785, type: 3}
  m_Name: control point
  m_EditorClassIdentifier: 
  particleIndices: 59000000
  m_Blueprint: {fileID: 11400000}
--- !u!114 &-6471304132749453970
MonoBehaviour:
  m_ObjectHideFlags: 0
  m_CorrespondingSourceObject: {fileID: 0}
  m_PrefabInstance: {fileID: 0}
  m_PrefabAsset: {fileID: 0}
  m_GameObject: {fileID: 0}
  m_Enabled: 1
  m_EditorHideFlags: 0
  m_Script: {fileID: 11500000, guid: 775ad4994fda946d1a5936c7e2dfc785, type: 3}
  m_Name: static-end
  m_EditorClassIdentifier: 
  particleIndices: 00000000
  m_Blueprint: {fileID: 11400000}
--- !u!114 &-5682304271915852809
MonoBehaviour:
  m_ObjectHideFlags: 0
  m_CorrespondingSourceObject: {fileID: 0}
  m_PrefabInstance: {fileID: 0}
  m_PrefabAsset: {fileID: 0}
  m_GameObject: {fileID: 0}
  m_Enabled: 1
  m_EditorHideFlags: 0
  m_Script: {fileID: 11500000, guid: 775ad4994fda946d1a5936c7e2dfc785, type: 3}
  m_Name: static
  m_EditorClassIdentifier: 
  particleIndices: 0c000000
  m_Blueprint: {fileID: 11400000}
--- !u!114 &-2474174953313966140
MonoBehaviour:
  m_ObjectHideFlags: 0
  m_CorrespondingSourceObject: {fileID: 0}
  m_PrefabInstance: {fileID: 0}
  m_PrefabAsset: {fileID: 0}
  m_GameObject: {fileID: 0}
  m_Enabled: 1
  m_EditorHideFlags: 0
  m_Script: {fileID: 11500000, guid: 775ad4994fda946d1a5936c7e2dfc785, type: 3}
  m_Name: control point
  m_EditorClassIdentifier: 
  particleIndices: 5e000000
  m_Blueprint: {fileID: 11400000}
--- !u!114 &11400000
MonoBehaviour:
  m_ObjectHideFlags: 0
  m_CorrespondingSourceObject: {fileID: 0}
  m_PrefabInstance: {fileID: 0}
  m_PrefabAsset: {fileID: 0}
  m_GameObject: {fileID: 0}
  m_Enabled: 1
  m_EditorHideFlags: 0
  m_Script: {fileID: 11500000, guid: e028b099aa5d14e399bc3d87df5b7737, type: 3}
  m_Name: KabelLegrand_3-1_
  m_EditorClassIdentifier: 
  m_Empty: 0
  m_ActiveParticleCount: 107
  m_InitialActiveParticleCount: 107
  _bounds:
    m_Center: {x: 4.5558286, y: -0.43422556, z: 0.15112066}
    m_Extent: {x: 0.7375331, y: 0.6562383, z: 3.5136132}
  positions:
  - {x: 3.8182955, y: -0.14214906, z: 3.6577973}
  - {x: 3.8861277, y: -0.13798256, z: 3.6584077}
  - {x: 3.9497652, y: -0.15932874, z: 3.6593654}
  - {x: 3.9811835, y: -0.21784154, z: 3.6604035}
  - {x: 3.985739, y: -0.30820397, z: 3.6613657}
  - {x: 3.9867647, y: -0.39953166, z: 3.6621752}
  - {x: 3.9876466, y: -0.49074343, z: 3.662894}
  - {x: 3.9892943, y: -0.5819679, z: 3.6635296}
  - {x: 3.9924011, y: -0.67314553, z: 3.664071}
  - {x: 3.99784, y: -0.76407593, z: 3.6644912}
  - {x: 4.007156, y: -0.85470855, z: 3.664733}
  - {x: 4.024175, y: -0.94459414, z: 3.664643}
  - {x: 4.0653276, y: -1.0234618, z: 3.6634998}
  - {x: 4.1482368, y: -1.0546983, z: 3.6594386}
  - {x: 4.236173, y: -1.0699216, z: 3.6535754}
  - {x: 4.324982, y: -1.0790259, z: 3.6461992}
  - {x: 4.4138603, y: -1.0846785, z: 3.6371646}
  - {x: 4.502599, y: -1.088064, z: 3.6260703}
  - {x: 4.591045, y: -1.0898405, z: 3.6121416}
  - {x: 4.678426, y: -1.0904639, z: 3.5938623}
  - {x: 4.7635536, y: -1.090457, z: 3.5668435}
  - {x: 4.7936835, y: -1.090457, z: 3.480732}
  - {x: 4.806188, y: -1.090457, z: 3.3801901}
  - {x: 4.8144608, y: -1.090457, z: 3.2757077}
  - {x: 4.819911, y: -1.090457, z: 3.1806962}
  - {x: 4.824489, y: -1.090457, z: 3.0758839}
  - {x: 4.827744, y: -1.090457, z: 2.9799712}
  - {x: 4.830458, y: -1.090457, z: 2.878359}
  - {x: 4.83255, y: -1.090457, z: 2.7781236}
  - {x: 4.8341455, y: -1.090457, z: 2.6794531}
  - {x: 4.835398, y: -1.090457, z: 2.5767264}
  - {x: 4.8362656, y: -1.090457, z: 2.4781654}
  - {x: 4.8368526, y: -1.090457, z: 2.378719}
  - {x: 4.8371906, y: -1.090457, z: 2.2766316}
  - {x: 4.8372917, y: -1.090457, z: 2.1775265}
  - {x: 4.837191, y: -1.090457, z: 2.078125}
  - {x: 4.8369017, y: -1.090457, z: 1.9769878}
  - {x: 4.8364444, y: -1.090457, z: 1.8767358}
  - {x: 4.8358397, y: -1.090457, z: 1.7774582}
  - {x: 4.835086, y: -1.090457, z: 1.6770884}
  - {x: 4.834194, y: -1.090457, z: 1.5760984}
  - {x: 4.833195, y: -1.090457, z: 1.4767187}
  - {x: 4.832077, y: -1.090457, z: 1.3767524}
  - {x: 4.830847, y: -1.090457, z: 1.2763413}
  - {x: 4.829519, y: -1.090457, z: 1.1761624}
  - {x: 4.828099, y: -1.090457, z: 1.076152}
  - {x: 4.826589, y: -1.090457, z: 0.9761396}
  - {x: 4.8249955, y: -1.090457, z: 0.87616634}
  - {x: 4.8233123, y: -1.090457, z: 0.7756344}
  - {x: 4.821559, y: -1.090457, z: 0.6755372}
  - {x: 4.819743, y: -1.090457, z: 0.5760182}
  - {x: 4.817839, y: -1.090457, z: 0.47553137}
  - {x: 4.815864, y: -1.090457, z: 0.37489635}
  - {x: 4.8138456, y: -1.090457, z: 0.27534243}
  - {x: 4.81177, y: -1.090457, z: 0.17600244}
  - {x: 4.809586, y: -1.090457, z: 0.074427225}
  - {x: 4.807381, y: -1.090457, z: -0.025413988}
  - {x: 4.8051634, y: -1.090457, z: -0.123338565}
  - {x: 4.802783, y: -1.090457, z: -0.22594175}
  - {x: 4.8004065, y: -1.090457, z: -0.32603654}
  - {x: 4.798048, y: -1.090457, z: -0.42325848}
  - {x: 4.7954884, y: -1.090457, z: -0.52659994}
  - {x: 4.79297, y: -1.090457, z: -0.62620986}
  - {x: 4.790436, y: -1.090457, z: -0.7245412}
  - {x: 4.78773, y: -1.090457, z: -0.8275724}
  - {x: 4.7851524, y: -1.090457, z: -0.9239804}
  - {x: 4.782319, y: -1.090457, z: -1.0280865}
  - {x: 4.7796617, y: -1.090457, z: -1.1240991}
  - {x: 4.776718, y: -1.090457, z: -1.2287569}
  - {x: 4.773861, y: -1.090457, z: -1.3290331}
  - {x: 4.771288, y: -1.090457, z: -1.4224672}
  - {x: 4.7665625, y: -1.089412, z: -1.5179062}
  - {x: 4.7618165, y: -1.0882508, z: -1.6135948}
  - {x: 4.7574244, y: -1.0870671, z: -1.7098435}
  - {x: 4.7534475, y: -1.0858766, z: -1.8063169}
  - {x: 4.7499266, y: -1.0846857, z: -1.9028416}
  - {x: 4.746897, y: -1.0834972, z: -1.99944}
  - {x: 4.7444057, y: -1.0823135, z: -2.0960734}
  - {x: 4.7425127, y: -1.0811397, z: -2.1924663}
  - {x: 4.741281, y: -1.0799757, z: -2.2887726}
  - {x: 4.7407966, y: -1.07882, z: -2.3852828}
  - {x: 4.7411776, y: -1.0776771, z: -2.4817994}
  - {x: 4.742573, y: -1.0765524, z: -2.578128}
  - {x: 4.7451806, y: -1.0754502, z: -2.674194}
  - {x: 4.749326, y: -1.0743669, z: -2.7707844}
  - {x: 4.7554426, y: -1.0733182, z: -2.8672292}
  - {x: 4.7642465, y: -1.0723189, z: -2.9633324}
  - {x: 4.7770143, y: -1.0713972, z: -3.0585961}
  - {x: 4.7968698, y: -1.0706049, z: -3.1532104}
  - {x: 4.833103, y: -1.0701782, z: -3.2409174}
  - {x: 4.895334, y: -1.0723282, z: -3.3141}
  - {x: 4.976901, y: -1.0775342, z: -3.3624926}
  - {x: 5.071071, y: -1.0721515, z: -3.360721}
  - {x: 5.151317, y: -1.0322522, z: -3.329273}
  - {x: 5.2076664, y: -0.9572648, z: -3.313072}
  - {x: 5.2368, y: -0.86378473, z: -3.3129613}
  - {x: 5.252898, y: -0.7661179, z: -3.3143902}
  - {x: 5.263906, y: -0.6675282, z: -3.3163579}
  - {x: 5.2719703, y: -0.5689349, z: -3.3185892}
  - {x: 5.278095, y: -0.4700283, z: -3.3209736}
  - {x: 5.282777, y: -0.37120894, z: -3.3234303}
  - {x: 5.2863464, y: -0.27233317, z: -3.3259087}
  - {x: 5.289016, y: -0.17328866, z: -3.3283591}
  - {x: 5.290928, y: -0.0743544, z: -3.3307116}
  - {x: 5.2922025, y: 0.02481272, z: -3.332874}
  - {x: 5.292939, y: 0.12379295, z: -3.3346248}
  - {x: 5.2933617, y: 0.22201276, z: -3.335128}
  restPositions:
  - {x: 3.8182955, y: -0.14214906, z: 3.6577973, w: 1}
  - {x: 3.8861277, y: -0.13798256, z: 3.6584077, w: 1}
  - {x: 3.9497652, y: -0.15932874, z: 3.6593654, w: 1}
  - {x: 3.9811835, y: -0.21784154, z: 3.6604035, w: 1}
  - {x: 3.985739, y: -0.30820397, z: 3.6613657, w: 1}
  - {x: 3.9867647, y: -0.39953166, z: 3.6621752, w: 1}
  - {x: 3.9876466, y: -0.49074343, z: 3.662894, w: 1}
  - {x: 3.9892943, y: -0.5819679, z: 3.6635296, w: 1}
  - {x: 3.9924011, y: -0.67314553, z: 3.664071, w: 1}
  - {x: 3.99784, y: -0.76407593, z: 3.6644912, w: 1}
  - {x: 4.007156, y: -0.85470855, z: 3.664733, w: 1}
  - {x: 4.024175, y: -0.94459414, z: 3.664643, w: 1}
  - {x: 4.0653276, y: -1.0234618, z: 3.6634998, w: 1}
  - {x: 4.1482368, y: -1.0546983, z: 3.6594386, w: 1}
  - {x: 4.236173, y: -1.0699216, z: 3.6535754, w: 1}
  - {x: 4.324982, y: -1.0790259, z: 3.6461992, w: 1}
  - {x: 4.4138603, y: -1.0846785, z: 3.6371646, w: 1}
  - {x: 4.502599, y: -1.088064, z: 3.6260703, w: 1}
  - {x: 4.591045, y: -1.0898405, z: 3.6121416, w: 1}
  - {x: 4.678426, y: -1.0904639, z: 3.5938623, w: 1}
  - {x: 4.7635536, y: -1.090457, z: 3.5668435, w: 1}
  - {x: 4.7936835, y: -1.090457, z: 3.480732, w: 1}
  - {x: 4.806188, y: -1.090457, z: 3.3801901, w: 1}
  - {x: 4.8144608, y: -1.090457, z: 3.2757077, w: 1}
  - {x: 4.819911, y: -1.090457, z: 3.1806962, w: 1}
  - {x: 4.824489, y: -1.090457, z: 3.0758839, w: 1}
  - {x: 4.827744, y: -1.090457, z: 2.9799712, w: 1}
  - {x: 4.830458, y: -1.090457, z: 2.878359, w: 1}
  - {x: 4.83255, y: -1.090457, z: 2.7781236, w: 1}
  - {x: 4.8341455, y: -1.090457, z: 2.6794531, w: 1}
  - {x: 4.835398, y: -1.090457, z: 2.5767264, w: 1}
  - {x: 4.8362656, y: -1.090457, z: 2.4781654, w: 1}
  - {x: 4.8368526, y: -1.090457, z: 2.378719, w: 1}
  - {x: 4.8371906, y: -1.090457, z: 2.2766316, w: 1}
  - {x: 4.8372917, y: -1.090457, z: 2.1775265, w: 1}
  - {x: 4.837191, y: -1.090457, z: 2.078125, w: 1}
  - {x: 4.8369017, y: -1.090457, z: 1.9769878, w: 1}
  - {x: 4.8364444, y: -1.090457, z: 1.8767358, w: 1}
  - {x: 4.8358397, y: -1.090457, z: 1.7774582, w: 1}
  - {x: 4.835086, y: -1.090457, z: 1.6770884, w: 1}
  - {x: 4.834194, y: -1.090457, z: 1.5760984, w: 1}
  - {x: 4.833195, y: -1.090457, z: 1.4767187, w: 1}
  - {x: 4.832077, y: -1.090457, z: 1.3767524, w: 1}
  - {x: 4.830847, y: -1.090457, z: 1.2763413, w: 1}
  - {x: 4.829519, y: -1.090457, z: 1.1761624, w: 1}
  - {x: 4.828099, y: -1.090457, z: 1.076152, w: 1}
  - {x: 4.826589, y: -1.090457, z: 0.9761396, w: 1}
  - {x: 4.8249955, y: -1.090457, z: 0.87616634, w: 1}
  - {x: 4.8233123, y: -1.090457, z: 0.7756344, w: 1}
  - {x: 4.821559, y: -1.090457, z: 0.6755372, w: 1}
  - {x: 4.819743, y: -1.090457, z: 0.5760182, w: 1}
  - {x: 4.817839, y: -1.090457, z: 0.47553137, w: 1}
  - {x: 4.815864, y: -1.090457, z: 0.37489635, w: 1}
  - {x: 4.8138456, y: -1.090457, z: 0.27534243, w: 1}
  - {x: 4.81177, y: -1.090457, z: 0.17600244, w: 1}
  - {x: 4.809586, y: -1.090457, z: 0.074427225, w: 1}
  - {x: 4.807381, y: -1.090457, z: -0.025413988, w: 1}
  - {x: 4.8051634, y: -1.090457, z: -0.123338565, w: 1}
  - {x: 4.802783, y: -1.090457, z: -0.22594175, w: 1}
  - {x: 4.8004065, y: -1.090457, z: -0.32603654, w: 1}
  - {x: 4.798048, y: -1.090457, z: -0.42325848, w: 1}
  - {x: 4.7954884, y: -1.090457, z: -0.52659994, w: 1}
  - {x: 4.79297, y: -1.090457, z: -0.62620986, w: 1}
  - {x: 4.790436, y: -1.090457, z: -0.7245412, w: 1}
  - {x: 4.78773, y: -1.090457, z: -0.8275724, w: 1}
  - {x: 4.7851524, y: -1.090457, z: -0.9239804, w: 1}
  - {x: 4.782319, y: -1.090457, z: -1.0280865, w: 1}
  - {x: 4.7796617, y: -1.090457, z: -1.1240991, w: 1}
  - {x: 4.776718, y: -1.090457, z: -1.2287569, w: 1}
  - {x: 4.773861, y: -1.090457, z: -1.3290331, w: 1}
  - {x: 4.771288, y: -1.090457, z: -1.4224672, w: 1}
  - {x: 4.7665625, y: -1.089412, z: -1.5179062, w: 1}
  - {x: 4.7618165, y: -1.0882508, z: -1.6135948, w: 1}
  - {x: 4.7574244, y: -1.0870671, z: -1.7098435, w: 1}
  - {x: 4.7534475, y: -1.0858766, z: -1.8063169, w: 1}
  - {x: 4.7499266, y: -1.0846857, z: -1.9028416, w: 1}
  - {x: 4.746897, y: -1.0834972, z: -1.99944, w: 1}
  - {x: 4.7444057, y: -1.0823135, z: -2.0960734, w: 1}
  - {x: 4.7425127, y: -1.0811397, z: -2.1924663, w: 1}
  - {x: 4.741281, y: -1.0799757, z: -2.2887726, w: 1}
  - {x: 4.7407966, y: -1.07882, z: -2.3852828, w: 1}
  - {x: 4.7411776, y: -1.0776771, z: -2.4817994, w: 1}
  - {x: 4.742573, y: -1.0765524, z: -2.578128, w: 1}
  - {x: 4.7451806, y: -1.0754502, z: -2.674194, w: 1}
  - {x: 4.749326, y: -1.0743669, z: -2.7707844, w: 1}
  - {x: 4.7554426, y: -1.0733182, z: -2.8672292, w: 1}
  - {x: 4.7642465, y: -1.0723189, z: -2.9633324, w: 1}
  - {x: 4.7770143, y: -1.0713972, z: -3.0585961, w: 1}
  - {x: 4.7968698, y: -1.0706049, z: -3.1532104, w: 1}
  - {x: 4.833103, y: -1.0701782, z: -3.2409174, w: 1}
  - {x: 4.895334, y: -1.0723282, z: -3.3141, w: 1}
  - {x: 4.976901, y: -1.0775342, z: -3.3624926, w: 1}
  - {x: 5.071071, y: -1.0721515, z: -3.360721, w: 1}
  - {x: 5.151317, y: -1.0322522, z: -3.329273, w: 1}
  - {x: 5.2076664, y: -0.9572648, z: -3.313072, w: 1}
  - {x: 5.2368, y: -0.86378473, z: -3.3129613, w: 1}
  - {x: 5.252898, y: -0.7661179, z: -3.3143902, w: 1}
  - {x: 5.263906, y: -0.6675282, z: -3.3163579, w: 1}
  - {x: 5.2719703, y: -0.5689349, z: -3.3185892, w: 1}
  - {x: 5.278095, y: -0.4700283, z: -3.3209736, w: 1}
  - {x: 5.282777, y: -0.37120894, z: -3.3234303, w: 1}
  - {x: 5.2863464, y: -0.27233317, z: -3.3259087, w: 1}
  - {x: 5.289016, y: -0.17328866, z: -3.3283591, w: 1}
  - {x: 5.290928, y: -0.0743544, z: -3.3307116, w: 1}
  - {x: 5.2922025, y: 0.02481272, z: -3.332874, w: 1}
  - {x: 5.292939, y: 0.12379295, z: -3.3346248, w: 1}
  - {x: 5.2933617, y: 0.22201276, z: -3.335128, w: 1}
  orientations:
  - {x: -0.02178233, y: 0.7035874, z: 0.021587215, w: 0.7099467}
  - {x: 0.11209989, y: 0.6930369, z: -0.11575916, w: 0.70266163}
  - {x: 0.35986078, y: 0.60223424, z: -0.36602327, w: 0.6114256}
  - {x: 0.48523858, y: 0.5091426, z: -0.48924094, w: 0.5157137}
  - {x: 0.49561337, y: 0.49993646, z: -0.4987396, w: 0.5056578}
  - {x: 0.49627352, y: 0.4997724, z: -0.49886674, w: 0.50504667}
  - {x: 0.49439865, y: 0.50208247, z: -0.49651912, w: 0.50690436}
  - {x: 0.4905793, y: 0.5063245, z: -0.49223703, w: 0.5105587}
  - {x: 0.4842525, y: 0.51302403, z: -0.48542944, w: 0.5163953}
  - {x: 0.4734359, y: 0.5239577, z: -0.47405916, w: 0.52592266}
  - {x: 0.45121035, y: 0.54488575, z: -0.45098773, w: 0.544168}
  - {x: 0.3683225, y: 0.60890365, z: -0.36472896, w: 0.6004563}
  - {x: 0.13970938, y: 0.70949036, z: -0.11405451, w: 0.68124616}
  - {x: 0.08162135, y: 0.72533876, z: -0.040551294, w: 0.68233216}
  - {x: 0.059191722, y: 0.7332584, z: -0.014635788, w: 0.6772106}
  - {x: 0.044589017, y: 0.7405918, z: -0.0022661602, w: 0.6704703}
  - {x: 0.032999747, y: 0.7489293, z: 0.0039060642, w: 0.66181624}
  - {x: 0.022911483, y: 0.75976443, z: 0.006538819, w: 0.64976174}
  - {x: 0.013713143, y: 0.7760083, z: 0.0066436045, w: 0.63053864}
  - {x: 0.0055796984, y: 0.8069872, z: 0.0041310154, w: 0.59052813}
  - {x: 0, y: 0.9858726, z: 0, w: 0.16749692}
  - {x: 0, y: 0.9980868, z: 0, w: 0.061828792}
  - {x: 0, y: 0.9992198, z: 0, w: 0.03949602}
  - {x: 0, y: 0.9995896, z: 0, w: 0.02864674}
  - {x: 0, y: 0.9997619, z: 0, w: 0.021823958}
  - {x: 0, y: 0.9998562, z: 0, w: 0.016960666}
  - {x: 0, y: 0.9999109, z: 0, w: 0.013351912}
  - {x: 0, y: 0.9999456, z: 0, w: 0.0104331495}
  - {x: 0, y: 0.99996734, z: 0, w: 0.0080841845}
  - {x: 0, y: 0.9999814, z: 0, w: 0.006096669}
  - {x: 0, y: 0.99999034, z: 0, w: 0.004400022}
  - {x: 0, y: 0.99999565, z: 0, w: 0.0029512357}
  - {x: 0, y: 0.9999986, z: 0, w: 0.0016558158}
  - {x: 0, y: 0.9999999, z: 0, w: 0.0005100112}
  - {x: 0, y: 0.9999999, z: 0, w: -0.00050609215}
  - {x: 0, y: 0.999999, z: 0, w: -0.0014309245}
  - {x: 0, y: 0.99999744, z: 0, w: -0.0022806686}
  - {x: 0, y: 0.99999535, z: 0, w: -0.003045103}
  - {x: 0, y: 0.99999297, z: 0, w: -0.0037554298}
  - {x: 0, y: 0.9999903, z: 0, w: -0.004414596}
  - {x: 0, y: 0.99998736, z: 0, w: -0.0050258515}
  - {x: 0, y: 0.9999844, z: 0, w: -0.005592539}
  - {x: 0, y: 0.9999813, z: 0, w: -0.0061256727}
  - {x: 0, y: 0.99997807, z: 0, w: -0.0066276593}
  - {x: 0, y: 0.99997485, z: 0, w: -0.0070988317}
  - {x: 0, y: 0.9999715, z: 0, w: -0.0075467546}
  - {x: 0, y: 0.99996823, z: 0, w: -0.007969322}
  - {x: 0, y: 0.99996495, z: 0, w: -0.008370765}
  - {x: 0, y: 0.9999617, z: 0, w: -0.008757133}
  - {x: 0, y: 0.9999584, z: 0, w: -0.009121721}
  - {x: 0, y: 0.9999552, z: 0, w: -0.009472657}
  - {x: 0, y: 0.9999519, z: 0, w: -0.009811567}
  - {x: 0, y: 0.9999486, z: 0, w: -0.010135918}
  - {x: 0, y: 0.99994546, z: 0, w: -0.010445604}
  - {x: 0, y: 0.99994224, z: 0, w: -0.01074837}
  - {x: 0, y: 0.9999391, z: 0, w: -0.011039989}
  - {x: 0, y: 0.9999359, z: 0, w: -0.01132169}
  - {x: 0, y: 0.99993277, z: 0, w: -0.011597549}
  - {x: 0, y: 0.9999296, z: 0, w: -0.011869021}
  - {x: 0, y: 0.9999265, z: 0, w: -0.012126463}
  - {x: 0, y: 0.99992335, z: 0, w: -0.012381638}
  - {x: 0, y: 0.9999202, z: 0, w: -0.012637166}
  - {x: 0, y: 0.99991703, z: 0, w: -0.012883781}
  - {x: 0, y: 0.9999139, z: 0, w: -0.013126482}
  - {x: 0, y: 0.9999107, z: 0, w: -0.013365546}
  - {x: 0, y: 0.9999075, z: 0, w: -0.013604291}
  - {x: 0, y: 0.99990433, z: 0, w: -0.013834908}
  - {x: 0, y: 0.9999012, z: 0, w: -0.014058407}
  - {x: 0, y: 0.9998986, z: 0, w: -0.014242354}
  - {x: 0, y: 0.9999053, z: 0, w: -0.013765222}
  - {x: 0.0001352365, y: 0.99967915, z: 0.0054660277, w: -0.024733339}
  - {x: 0.00015014122, y: 0.9996747, z: 0.0060580485, w: -0.024775693}
  - {x: 0.00014003197, y: 0.9997212, z: 0.0061404663, w: -0.022798423}
  - {x: 0.00012698043, y: 0.99976885, z: 0.006163427, w: -0.020597478}
  - {x: 0.00011237515, y: 0.99981487, z: 0.006163415, w: -0.018229237}
  - {x: 0.00009637321, y: 0.99985826, z: 0.006147718, w: -0.015674036}
  - {x: 0.000078900586, y: 0.9998982, z: 0.006121437, w: -0.012887914}
  - {x: 0.000059766004, y: 0.9999333, z: 0.006087099, w: -0.009817816}
  - {x: 0.000038634644, y: 0.9999613, z: 0.006042059, w: -0.006394038}
  - {x: 0.000015027359, y: 0.99997896, z: 0.0059872125, w: -0.0025098561}
  - {x: -0.000011684683, y: 0.99998057, z: 0.005920164, w: 0.001973671}
  - {x: -0.000042269083, y: 0.9999567, z: 0.005836964, w: 0.007241308}
  - {x: -0.00007781105, y: 0.9998915, z: 0.005733805, w: 0.0135691045}
  - {x: -0.00012013617, y: 0.99975437, z: 0.005600765, w: 0.021444691}
  - {x: -0.00017178188, y: 0.999484, z: 0.0054228446, w: 0.031661104}
  - {x: -0.0002364028, y: 0.9989436, z: 0.0051719747, w: 0.045660138}
  - {x: -0.00031916864, y: 0.99777055, z: 0.0047840886, w: 0.066565886}
  - {x: -0.0004230356, y: 0.9946478, z: 0.0040755593, w: 0.10324261}
  - {x: -0.00043764565, y: 0.9808739, z: 0.0022055805, w: 0.19463138}
  - {x: 0.0038612224, y: 0.93850636, z: -0.010501261, w: 0.3450806}
  - {x: 0.013566159, y: 0.8686505, z: -0.023822619, w: 0.49466643}
  - {x: -0.02036934, y: 0.70014036, z: 0.019989772, w: 0.71343464}
  - {x: -0.17768104, y: 0.55033666, z: 0.12120567, w: 0.806764}
  - {x: -0.35005698, y: 0.5407036, z: 0.2635929, w: 0.71806586}
  - {x: -0.419858, y: 0.5684667, z: 0.41826674, w: 0.5706294}
  - {x: -0.44221607, y: 0.55826676, z: 0.47205296, w: 0.5195664}
  - {x: -0.45512062, y: 0.5502551, z: 0.48660794, w: 0.5032864}
  - {x: -0.4678219, y: 0.540757, z: 0.48965043, w: 0.49896595}
  - {x: -0.4778895, y: 0.5325871, z: 0.49009925, w: 0.4977705}
  - {x: -0.48544046, y: 0.5260797, z: 0.49019215, w: 0.49729207}
  - {x: -0.49108732, y: 0.52091646, z: 0.4904212, w: 0.49695718}
  - {x: -0.49536136, y: 0.5167005, z: 0.49087688, w: 0.49666655}
  - {x: -0.49857542, y: 0.5131336, z: 0.49157795, w: 0.496455}
  - {x: -0.50085616, y: 0.5099439, z: 0.49260667, w: 0.49642625}
  - {x: -0.5020154, y: 0.5067767, z: 0.49420792, w: 0.4969069}
  - {x: -0.5001705, y: 0.5023858, z: 0.49767303, w: 0.49975944}
  - {x: -0.5001705, y: 0.5023858, z: 0.49767303, w: 0.49975944}
  restOrientations:
  - {x: -0.02178233, y: 0.7035874, z: 0.021587215, w: 0.7099467}
  - {x: 0.11209989, y: 0.6930369, z: -0.11575916, w: 0.70266163}
  - {x: 0.35986078, y: 0.60223424, z: -0.36602327, w: 0.6114256}
  - {x: 0.48523858, y: 0.5091426, z: -0.48924094, w: 0.5157137}
  - {x: 0.49561337, y: 0.49993646, z: -0.4987396, w: 0.5056578}
  - {x: 0.49627352, y: 0.4997724, z: -0.49886674, w: 0.50504667}
  - {x: 0.49439865, y: 0.50208247, z: -0.49651912, w: 0.50690436}
  - {x: 0.4905793, y: 0.5063245, z: -0.49223703, w: 0.5105587}
  - {x: 0.4842525, y: 0.51302403, z: -0.48542944, w: 0.5163953}
  - {x: 0.4734359, y: 0.5239577, z: -0.47405916, w: 0.52592266}
  - {x: 0.45121035, y: 0.54488575, z: -0.45098773, w: 0.544168}
  - {x: 0.3683225, y: 0.60890365, z: -0.36472896, w: 0.6004563}
  - {x: 0.13970938, y: 0.70949036, z: -0.11405451, w: 0.68124616}
  - {x: 0.08162135, y: 0.72533876, z: -0.040551294, w: 0.68233216}
  - {x: 0.059191722, y: 0.7332584, z: -0.014635788, w: 0.6772106}
  - {x: 0.044589017, y: 0.7405918, z: -0.0022661602, w: 0.6704703}
  - {x: 0.032999747, y: 0.7489293, z: 0.0039060642, w: 0.66181624}
  - {x: 0.022911483, y: 0.75976443, z: 0.006538819, w: 0.64976174}
  - {x: 0.013713143, y: 0.7760083, z: 0.0066436045, w: 0.63053864}
  - {x: 0.0055796984, y: 0.8069872, z: 0.0041310154, w: 0.59052813}
  - {x: 0, y: 0.9858726, z: 0, w: 0.16749692}
  - {x: 0, y: 0.9980868, z: 0, w: 0.061828792}
  - {x: 0, y: 0.9992198, z: 0, w: 0.03949602}
  - {x: 0, y: 0.9995896, z: 0, w: 0.02864674}
  - {x: 0, y: 0.9997619, z: 0, w: 0.021823958}
  - {x: 0, y: 0.9998562, z: 0, w: 0.016960666}
  - {x: 0, y: 0.9999109, z: 0, w: 0.013351912}
  - {x: 0, y: 0.9999456, z: 0, w: 0.0104331495}
  - {x: 0, y: 0.99996734, z: 0, w: 0.0080841845}
  - {x: 0, y: 0.9999814, z: 0, w: 0.006096669}
  - {x: 0, y: 0.99999034, z: 0, w: 0.004400022}
  - {x: 0, y: 0.99999565, z: 0, w: 0.0029512357}
  - {x: 0, y: 0.9999986, z: 0, w: 0.0016558158}
  - {x: 0, y: 0.9999999, z: 0, w: 0.0005100112}
  - {x: 0, y: 0.9999999, z: 0, w: -0.00050609215}
  - {x: 0, y: 0.999999, z: 0, w: -0.0014309245}
  - {x: 0, y: 0.99999744, z: 0, w: -0.0022806686}
  - {x: 0, y: 0.99999535, z: 0, w: -0.003045103}
  - {x: 0, y: 0.99999297, z: 0, w: -0.0037554298}
  - {x: 0, y: 0.9999903, z: 0, w: -0.004414596}
  - {x: 0, y: 0.99998736, z: 0, w: -0.0050258515}
  - {x: 0, y: 0.9999844, z: 0, w: -0.005592539}
  - {x: 0, y: 0.9999813, z: 0, w: -0.0061256727}
  - {x: 0, y: 0.99997807, z: 0, w: -0.0066276593}
  - {x: 0, y: 0.99997485, z: 0, w: -0.0070988317}
  - {x: 0, y: 0.9999715, z: 0, w: -0.0075467546}
  - {x: 0, y: 0.99996823, z: 0, w: -0.007969322}
  - {x: 0, y: 0.99996495, z: 0, w: -0.008370765}
  - {x: 0, y: 0.9999617, z: 0, w: -0.008757133}
  - {x: 0, y: 0.9999584, z: 0, w: -0.009121721}
  - {x: 0, y: 0.9999552, z: 0, w: -0.009472657}
  - {x: 0, y: 0.9999519, z: 0, w: -0.009811567}
  - {x: 0, y: 0.9999486, z: 0, w: -0.010135918}
  - {x: 0, y: 0.99994546, z: 0, w: -0.010445604}
  - {x: 0, y: 0.99994224, z: 0, w: -0.01074837}
  - {x: 0, y: 0.9999391, z: 0, w: -0.011039989}
  - {x: 0, y: 0.9999359, z: 0, w: -0.01132169}
  - {x: 0, y: 0.99993277, z: 0, w: -0.011597549}
  - {x: 0, y: 0.9999296, z: 0, w: -0.011869021}
  - {x: 0, y: 0.9999265, z: 0, w: -0.012126463}
  - {x: 0, y: 0.99992335, z: 0, w: -0.012381638}
  - {x: 0, y: 0.9999202, z: 0, w: -0.012637166}
  - {x: 0, y: 0.99991703, z: 0, w: -0.012883781}
  - {x: 0, y: 0.9999139, z: 0, w: -0.013126482}
  - {x: 0, y: 0.9999107, z: 0, w: -0.013365546}
  - {x: 0, y: 0.9999075, z: 0, w: -0.013604291}
  - {x: 0, y: 0.99990433, z: 0, w: -0.013834908}
  - {x: 0, y: 0.9999012, z: 0, w: -0.014058407}
  - {x: 0, y: 0.9998986, z: 0, w: -0.014242354}
  - {x: 0, y: 0.9999053, z: 0, w: -0.013765222}
  - {x: 0.0001352365, y: 0.99967915, z: 0.0054660277, w: -0.024733339}
  - {x: 0.00015014122, y: 0.9996747, z: 0.0060580485, w: -0.024775693}
  - {x: 0.00014003197, y: 0.9997212, z: 0.0061404663, w: -0.022798423}
  - {x: 0.00012698043, y: 0.99976885, z: 0.006163427, w: -0.020597478}
  - {x: 0.00011237515, y: 0.99981487, z: 0.006163415, w: -0.018229237}
  - {x: 0.00009637321, y: 0.99985826, z: 0.006147718, w: -0.015674036}
  - {x: 0.000078900586, y: 0.9998982, z: 0.006121437, w: -0.012887914}
  - {x: 0.000059766004, y: 0.9999333, z: 0.006087099, w: -0.009817816}
  - {x: 0.000038634644, y: 0.9999613, z: 0.006042059, w: -0.006394038}
  - {x: 0.000015027359, y: 0.99997896, z: 0.0059872125, w: -0.0025098561}
  - {x: -0.000011684683, y: 0.99998057, z: 0.005920164, w: 0.001973671}
  - {x: -0.000042269083, y: 0.9999567, z: 0.005836964, w: 0.007241308}
  - {x: -0.00007781105, y: 0.9998915, z: 0.005733805, w: 0.0135691045}
  - {x: -0.00012013617, y: 0.99975437, z: 0.005600765, w: 0.021444691}
  - {x: -0.00017178188, y: 0.999484, z: 0.0054228446, w: 0.031661104}
  - {x: -0.0002364028, y: 0.9989436, z: 0.0051719747, w: 0.045660138}
  - {x: -0.00031916864, y: 0.99777055, z: 0.0047840886, w: 0.066565886}
  - {x: -0.0004230356, y: 0.9946478, z: 0.0040755593, w: 0.10324261}
  - {x: -0.00043764565, y: 0.9808739, z: 0.0022055805, w: 0.19463138}
  - {x: 0.0038612224, y: 0.93850636, z: -0.010501261, w: 0.3450806}
  - {x: 0.013566159, y: 0.8686505, z: -0.023822619, w: 0.49466643}
  - {x: -0.02036934, y: 0.70014036, z: 0.019989772, w: 0.71343464}
  - {x: -0.17768104, y: 0.55033666, z: 0.12120567, w: 0.806764}
  - {x: -0.35005698, y: 0.5407036, z: 0.2635929, w: 0.71806586}
  - {x: -0.419858, y: 0.5684667, z: 0.41826674, w: 0.5706294}
  - {x: -0.44221607, y: 0.55826676, z: 0.47205296, w: 0.5195664}
  - {x: -0.45512062, y: 0.5502551, z: 0.48660794, w: 0.5032864}
  - {x: -0.4678219, y: 0.540757, z: 0.48965043, w: 0.49896595}
  - {x: -0.4778895, y: 0.5325871, z: 0.49009925, w: 0.4977705}
  - {x: -0.48544046, y: 0.5260797, z: 0.49019215, w: 0.49729207}
  - {x: -0.49108732, y: 0.52091646, z: 0.4904212, w: 0.49695718}
  - {x: -0.49536136, y: 0.5167005, z: 0.49087688, w: 0.49666655}
  - {x: -0.49857542, y: 0.5131336, z: 0.49157795, w: 0.496455}
  - {x: -0.50085616, y: 0.5099439, z: 0.49260667, w: 0.49642625}
  - {x: -0.5020154, y: 0.5067767, z: 0.49420792, w: 0.4969069}
  - {x: -0.5001705, y: 0.5023858, z: 0.49767303, w: 0.49975944}
  - {x: -0.5001705, y: 0.5023858, z: 0.49767303, w: 0.49975944}
  velocities:
  - {x: 0, y: 0, z: 0}
  - {x: 0, y: 0, z: 0}
  - {x: 0, y: 0, z: 0}
  - {x: 0, y: 0, z: 0}
  - {x: 0, y: 0, z: 0}
  - {x: 0, y: 0, z: 0}
  - {x: 0, y: 0, z: 0}
  - {x: 0, y: 0, z: 0}
  - {x: 0, y: 0, z: 0}
  - {x: 0, y: 0, z: 0}
  - {x: 0, y: 0, z: 0}
  - {x: 0, y: 0, z: 0}
  - {x: 0, y: 0, z: 0}
  - {x: 0, y: 0, z: 0}
  - {x: 0, y: 0, z: 0}
  - {x: 0, y: 0, z: 0}
  - {x: 0, y: 0, z: 0}
  - {x: 0, y: 0, z: 0}
  - {x: 0, y: 0, z: 0}
  - {x: 0, y: 0, z: 0}
  - {x: 0, y: 0, z: 0}
  - {x: 0, y: 0, z: 0}
  - {x: 0, y: 0, z: 0}
  - {x: 0, y: 0, z: 0}
  - {x: 0, y: 0, z: 0}
  - {x: 0, y: 0, z: 0}
  - {x: 0, y: 0, z: 0}
  - {x: 0, y: 0, z: 0}
  - {x: 0, y: 0, z: 0}
  - {x: 0, y: 0, z: 0}
  - {x: 0, y: 0, z: 0}
  - {x: 0, y: 0, z: 0}
  - {x: 0, y: 0, z: 0}
  - {x: 0, y: 0, z: 0}
  - {x: 0, y: 0, z: 0}
  - {x: 0, y: 0, z: 0}
  - {x: 0, y: 0, z: 0}
  - {x: 0, y: 0, z: 0}
  - {x: 0, y: 0, z: 0}
  - {x: 0, y: 0, z: 0}
  - {x: 0, y: 0, z: 0}
  - {x: 0, y: 0, z: 0}
  - {x: 0, y: 0, z: 0}
  - {x: 0, y: 0, z: 0}
  - {x: 0, y: 0, z: 0}
  - {x: 0, y: 0, z: 0}
  - {x: 0, y: 0, z: 0}
  - {x: 0, y: 0, z: 0}
  - {x: 0, y: 0, z: 0}
  - {x: 0, y: 0, z: 0}
  - {x: 0, y: 0, z: 0}
  - {x: 0, y: 0, z: 0}
  - {x: 0, y: 0, z: 0}
  - {x: 0, y: 0, z: 0}
  - {x: 0, y: 0, z: 0}
  - {x: 0, y: 0, z: 0}
  - {x: 0, y: 0, z: 0}
  - {x: 0, y: 0, z: 0}
  - {x: 0, y: 0, z: 0}
  - {x: 0, y: 0, z: 0}
  - {x: 0, y: 0, z: 0}
  - {x: 0, y: 0, z: 0}
  - {x: 0, y: 0, z: 0}
  - {x: 0, y: 0, z: 0}
  - {x: 0, y: 0, z: 0}
  - {x: 0, y: 0, z: 0}
  - {x: 0, y: 0, z: 0}
  - {x: 0, y: 0, z: 0}
  - {x: 0, y: 0, z: 0}
  - {x: 0, y: 0, z: 0}
  - {x: 0, y: 0, z: 0}
  - {x: 0, y: 0, z: 0}
  - {x: 0, y: 0, z: 0}
  - {x: 0, y: 0, z: 0}
  - {x: 0, y: 0, z: 0}
  - {x: 0, y: 0, z: 0}
  - {x: 0, y: 0, z: 0}
  - {x: 0, y: 0, z: 0}
  - {x: 0, y: 0, z: 0}
  - {x: 0, y: 0, z: 0}
  - {x: 0, y: 0, z: 0}
  - {x: 0, y: 0, z: 0}
  - {x: 0, y: 0, z: 0}
  - {x: 0, y: 0, z: 0}
  - {x: 0, y: 0, z: 0}
  - {x: 0, y: 0, z: 0}
  - {x: 0, y: 0, z: 0}
  - {x: 0, y: 0, z: 0}
  - {x: 0, y: 0, z: 0}
  - {x: 0, y: 0, z: 0}
  - {x: 0, y: 0, z: 0}
  - {x: 0, y: 0, z: 0}
  - {x: 0, y: 0, z: 0}
  - {x: 0, y: 0, z: 0}
  - {x: 0, y: 0, z: 0}
  - {x: 0, y: 0, z: 0}
  - {x: 0, y: 0, z: 0}
  - {x: 0, y: 0, z: 0}
  - {x: 0, y: 0, z: 0}
  - {x: 0, y: 0, z: 0}
  - {x: 0, y: 0, z: 0}
  - {x: 0, y: 0, z: 0}
  - {x: 0, y: 0, z: 0}
  - {x: 0, y: 0, z: 0}
  - {x: 0, y: 0, z: 0}
  - {x: 0, y: 0, z: 0}
  - {x: 0, y: 0, z: 0}
  angularVelocities:
  - {x: 0, y: 0, z: 0}
  - {x: 0, y: 0, z: 0}
  - {x: 0, y: 0, z: 0}
  - {x: 0, y: 0, z: 0}
  - {x: 0, y: 0, z: 0}
  - {x: 0, y: 0, z: 0}
  - {x: 0, y: 0, z: 0}
  - {x: 0, y: 0, z: 0}
  - {x: 0, y: 0, z: 0}
  - {x: 0, y: 0, z: 0}
  - {x: 0, y: 0, z: 0}
  - {x: 0, y: 0, z: 0}
  - {x: 0, y: 0, z: 0}
  - {x: 0, y: 0, z: 0}
  - {x: 0, y: 0, z: 0}
  - {x: 0, y: 0, z: 0}
  - {x: 0, y: 0, z: 0}
  - {x: 0, y: 0, z: 0}
  - {x: 0, y: 0, z: 0}
  - {x: 0, y: 0, z: 0}
  - {x: 0, y: 0, z: 0}
  - {x: 0, y: 0, z: 0}
  - {x: 0, y: 0, z: 0}
  - {x: 0, y: 0, z: 0}
  - {x: 0, y: 0, z: 0}
  - {x: 0, y: 0, z: 0}
  - {x: 0, y: 0, z: 0}
  - {x: 0, y: 0, z: 0}
  - {x: 0, y: 0, z: 0}
  - {x: 0, y: 0, z: 0}
  - {x: 0, y: 0, z: 0}
  - {x: 0, y: 0, z: 0}
  - {x: 0, y: 0, z: 0}
  - {x: 0, y: 0, z: 0}
  - {x: 0, y: 0, z: 0}
  - {x: 0, y: 0, z: 0}
  - {x: 0, y: 0, z: 0}
  - {x: 0, y: 0, z: 0}
  - {x: 0, y: 0, z: 0}
  - {x: 0, y: 0, z: 0}
  - {x: 0, y: 0, z: 0}
  - {x: 0, y: 0, z: 0}
  - {x: 0, y: 0, z: 0}
  - {x: 0, y: 0, z: 0}
  - {x: 0, y: 0, z: 0}
  - {x: 0, y: 0, z: 0}
  - {x: 0, y: 0, z: 0}
  - {x: 0, y: 0, z: 0}
  - {x: 0, y: 0, z: 0}
  - {x: 0, y: 0, z: 0}
  - {x: 0, y: 0, z: 0}
  - {x: 0, y: 0, z: 0}
  - {x: 0, y: 0, z: 0}
  - {x: 0, y: 0, z: 0}
  - {x: 0, y: 0, z: 0}
  - {x: 0, y: 0, z: 0}
  - {x: 0, y: 0, z: 0}
  - {x: 0, y: 0, z: 0}
  - {x: 0, y: 0, z: 0}
  - {x: 0, y: 0, z: 0}
  - {x: 0, y: 0, z: 0}
  - {x: 0, y: 0, z: 0}
  - {x: 0, y: 0, z: 0}
  - {x: 0, y: 0, z: 0}
  - {x: 0, y: 0, z: 0}
  - {x: 0, y: 0, z: 0}
  - {x: 0, y: 0, z: 0}
  - {x: 0, y: 0, z: 0}
  - {x: 0, y: 0, z: 0}
  - {x: 0, y: 0, z: 0}
  - {x: 0, y: 0, z: 0}
  - {x: 0, y: 0, z: 0}
  - {x: 0, y: 0, z: 0}
  - {x: 0, y: 0, z: 0}
  - {x: 0, y: 0, z: 0}
  - {x: 0, y: 0, z: 0}
  - {x: 0, y: 0, z: 0}
  - {x: 0, y: 0, z: 0}
  - {x: 0, y: 0, z: 0}
  - {x: 0, y: 0, z: 0}
  - {x: 0, y: 0, z: 0}
  - {x: 0, y: 0, z: 0}
  - {x: 0, y: 0, z: 0}
  - {x: 0, y: 0, z: 0}
  - {x: 0, y: 0, z: 0}
  - {x: 0, y: 0, z: 0}
  - {x: 0, y: 0, z: 0}
  - {x: 0, y: 0, z: 0}
  - {x: 0, y: 0, z: 0}
  - {x: 0, y: 0, z: 0}
  - {x: 0, y: 0, z: 0}
  - {x: 0, y: 0, z: 0}
  - {x: 0, y: 0, z: 0}
  - {x: 0, y: 0, z: 0}
  - {x: 0, y: 0, z: 0}
  - {x: 0, y: 0, z: 0}
  - {x: 0, y: 0, z: 0}
  - {x: 0, y: 0, z: 0}
  - {x: 0, y: 0, z: 0}
  - {x: 0, y: 0, z: 0}
  - {x: 0, y: 0, z: 0}
  - {x: 0, y: 0, z: 0}
  - {x: 0, y: 0, z: 0}
  - {x: 0, y: 0, z: 0}
  - {x: 0, y: 0, z: 0}
  - {x: 0, y: 0, z: 0}
  - {x: 0, y: 0, z: 0}
  invMasses:
  - 10
  - 10.000001
  - 10.000001
  - 10.000001
  - 10.000001
  - 10.000001
  - 10.000001
  - 10.000001
  - 10
  - 10
  - 10
  - 10
  - 10
  - 10
  - 10
  - 10
  - 9.999999
  - 9.999999
  - 9.999999
  - 9.999999
  - 9.999999
  - 9.999999
  - 9.999999
  - 9.999999
  - 9.999999
  - 9.999999
  - 9.999999
  - 9.999999
  - 9.999999
  - 9.999999
  - 9.999999
  - 9.999999
  - 9.999999
  - 9.999999
  - 9.999999
  - 9.999999
  - 9.999999
  - 9.999999
  - 9.999999
  - 9.999999
  - 9.999999
  - 9.999999
  - 9.999999
  - 9.999999
  - 9.999999
  - 9.999999
  - 10
  - 10
  - 10
  - 10
  - 10
  - 10
  - 10
  - 10
  - 10
  - 10
  - 10
  - 10
  - 10
  - 10
  - 10
  - 10
  - 10
  - 10
  - 10
  - 10
  - 10
  - 10
  - 10
  - 10
  - 10
  - 10
  - 10
  - 10
  - 10
  - 10
  - 10
  - 10
  - 10
  - 10
  - 10
  - 10
  - 10
  - 10
  - 10
  - 10
  - 10
  - 10
  - 10
  - 10
  - 10
  - 10
  - 10
  - 10
  - 10
  - 10
  - 10
  - 10
  - 10
  - 10
  - 10
  - 10
  - 10
  - 10
  - 10
  - 10
  - 10
  invRotationalMasses:
  - 100
  - 100.000015
  - 100.000015
  - 100.000015
  - 100.000015
  - 100.000015
  - 100.000015
  - 100.000015
  - 100
  - 100
  - 100
  - 100
  - 100
  - 100
  - 100
  - 100
  - 99.99999
  - 99.99999
  - 99.99999
  - 99.99999
  - 99.99999
  - 99.99999
  - 99.99999
  - 99.99999
  - 99.99999
  - 99.99999
  - 99.99999
  - 99.99999
  - 99.99999
  - 99.99999
  - 99.99999
  - 99.99999
  - 99.99999
  - 99.99999
  - 99.99999
  - 99.99999
  - 99.99999
  - 99.99999
  - 99.99999
  - 99.99999
  - 99.99999
  - 99.99999
  - 99.99999
  - 99.99999
  - 99.99999
  - 99.99999
  - 100
  - 100
  - 100
  - 100
  - 100
  - 100
  - 100
  - 100
  - 100
  - 100
  - 100
  - 100
  - 100
  - 100
  - 100
  - 100
  - 100
  - 100
  - 100
  - 100
  - 100
  - 100
  - 100
  - 100
  - 100
  - 100
  - 100
  - 100
  - 100
  - 100
  - 100
  - 100
  - 100
  - 100
  - 100
  - 100
  - 100
  - 100
  - 100
  - 100
  - 100
  - 100
  - 100
  - 100
  - 100
  - 100
  - 100
  - 100
  - 100
  - 100
  - 100
  - 100
  - 100
  - 100
  - 100
  - 100
  - 100
  - 100
  - 100
  - 100
  - 100
  filters: 0200ffff0200ffff0200ffff0200ffff0200ffff0200ffff0200ffff0200ffff0200ffff0200ffff0200ffff0200ffff0200ffff0200ffff0200ffff0200ffff0200ffff0200ffff0200ffff0200ffff0200ffff0200ffff0200ffff0200ffff0200ffff0200ffff0200ffff0200ffff0200ffff0200ffff0200ffff0200ffff0200ffff0200ffff0200ffff0200ffff0200ffff0200ffff0200ffff0200ffff0200ffff0200ffff0200ffff0200ffff0200ffff0200ffff0200ffff0200ffff0200ffff0200ffff0200ffff0200ffff0200ffff0200ffff0200ffff0200ffff0200ffff0200ffff0200ffff0200ffff0200ffff0200ffff0200ffff0200ffff0200ffff0200ffff0200ffff0200ffff0200ffff0200ffff0200ffff0200ffff0200ffff0200ffff0200ffff0200ffff0200ffff0200ffff0200ffff0200ffff0200ffff0200ffff0200ffff0200ffff0200ffff0200ffff0200ffff0200ffff0200ffff0200ffff0200ffff0200ffff0200ffff0200ffff0200ffff0200ffff0200ffff0200ffff0200ffff0200ffff0200ffff0200ffff0200ffff0200ffff0200ffff0200ffff0200ffff
  principalRadii:
  - {x: 0.1, y: 0.1, z: 0.1}
  - {x: 0.09999999, y: 0.09999999, z: 0.09999999}
  - {x: 0.099999994, y: 0.099999994, z: 0.099999994}
  - {x: 0.099999994, y: 0.099999994, z: 0.099999994}
  - {x: 0.099999994, y: 0.099999994, z: 0.099999994}
  - {x: 0.099999994, y: 0.099999994, z: 0.099999994}
  - {x: 0.099999994, y: 0.099999994, z: 0.099999994}
  - {x: 0.099999994, y: 0.099999994, z: 0.099999994}
  - {x: 0.1, y: 0.1, z: 0.1}
  - {x: 0.1, y: 0.1, z: 0.1}
  - {x: 0.1, y: 0.1, z: 0.1}
  - {x: 0.1, y: 0.1, z: 0.1}
  - {x: 0.1, y: 0.1, z: 0.1}
  - {x: 0.1, y: 0.1, z: 0.1}
  - {x: 0.1, y: 0.1, z: 0.1}
  - {x: 0.1, y: 0.1, z: 0.1}
  - {x: 0.10000002, y: 0.10000002, z: 0.10000002}
  - {x: 0.10000002, y: 0.10000002, z: 0.10000002}
  - {x: 0.10000002, y: 0.10000002, z: 0.10000002}
  - {x: 0.10000002, y: 0.10000002, z: 0.10000002}
  - {x: 0.10000002, y: 0.10000002, z: 0.10000002}
  - {x: 0.10000002, y: 0.10000002, z: 0.10000002}
  - {x: 0.10000002, y: 0.10000002, z: 0.10000002}
  - {x: 0.10000002, y: 0.10000002, z: 0.10000002}
  - {x: 0.10000002, y: 0.10000002, z: 0.10000002}
  - {x: 0.10000002, y: 0.10000002, z: 0.10000002}
  - {x: 0.10000002, y: 0.10000002, z: 0.10000002}
  - {x: 0.10000002, y: 0.10000002, z: 0.10000002}
  - {x: 0.10000002, y: 0.10000002, z: 0.10000002}
  - {x: 0.10000002, y: 0.10000002, z: 0.10000002}
  - {x: 0.10000002, y: 0.10000002, z: 0.10000002}
  - {x: 0.10000002, y: 0.10000002, z: 0.10000002}
  - {x: 0.10000002, y: 0.10000002, z: 0.10000002}
  - {x: 0.10000002, y: 0.10000002, z: 0.10000002}
  - {x: 0.10000002, y: 0.10000002, z: 0.10000002}
  - {x: 0.10000002, y: 0.10000002, z: 0.10000002}
  - {x: 0.10000002, y: 0.10000002, z: 0.10000002}
  - {x: 0.10000002, y: 0.10000002, z: 0.10000002}
  - {x: 0.10000002, y: 0.10000002, z: 0.10000002}
  - {x: 0.10000002, y: 0.10000002, z: 0.10000002}
  - {x: 0.10000002, y: 0.10000002, z: 0.10000002}
  - {x: 0.10000002, y: 0.10000002, z: 0.10000002}
  - {x: 0.10000002, y: 0.10000002, z: 0.10000002}
  - {x: 0.10000002, y: 0.10000002, z: 0.10000002}
  - {x: 0.10000002, y: 0.10000002, z: 0.10000002}
  - {x: 0.10000002, y: 0.10000002, z: 0.10000002}
  - {x: 0.1, y: 0.1, z: 0.1}
  - {x: 0.1, y: 0.1, z: 0.1}
  - {x: 0.1, y: 0.1, z: 0.1}
  - {x: 0.1, y: 0.1, z: 0.1}
  - {x: 0.1, y: 0.1, z: 0.1}
  - {x: 0.1, y: 0.1, z: 0.1}
  - {x: 0.1, y: 0.1, z: 0.1}
  - {x: 0.1, y: 0.1, z: 0.1}
  - {x: 0.1, y: 0.1, z: 0.1}
  - {x: 0.1, y: 0.1, z: 0.1}
  - {x: 0.1, y: 0.1, z: 0.1}
  - {x: 0.1, y: 0.1, z: 0.1}
  - {x: 0.1, y: 0.1, z: 0.1}
  - {x: 0.1, y: 0.1, z: 0.1}
  - {x: 0.1, y: 0.1, z: 0.1}
  - {x: 0.1, y: 0.1, z: 0.1}
  - {x: 0.1, y: 0.1, z: 0.1}
  - {x: 0.1, y: 0.1, z: 0.1}
  - {x: 0.1, y: 0.1, z: 0.1}
  - {x: 0.1, y: 0.1, z: 0.1}
  - {x: 0.1, y: 0.1, z: 0.1}
  - {x: 0.1, y: 0.1, z: 0.1}
  - {x: 0.1, y: 0.1, z: 0.1}
  - {x: 0.1, y: 0.1, z: 0.1}
  - {x: 0.1, y: 0.1, z: 0.1}
  - {x: 0.1, y: 0.1, z: 0.1}
  - {x: 0.1, y: 0.1, z: 0.1}
  - {x: 0.1, y: 0.1, z: 0.1}
  - {x: 0.1, y: 0.1, z: 0.1}
  - {x: 0.1, y: 0.1, z: 0.1}
  - {x: 0.1, y: 0.1, z: 0.1}
  - {x: 0.1, y: 0.1, z: 0.1}
  - {x: 0.1, y: 0.1, z: 0.1}
  - {x: 0.1, y: 0.1, z: 0.1}
  - {x: 0.1, y: 0.1, z: 0.1}
  - {x: 0.1, y: 0.1, z: 0.1}
  - {x: 0.1, y: 0.1, z: 0.1}
  - {x: 0.1, y: 0.1, z: 0.1}
  - {x: 0.1, y: 0.1, z: 0.1}
  - {x: 0.1, y: 0.1, z: 0.1}
  - {x: 0.1, y: 0.1, z: 0.1}
  - {x: 0.1, y: 0.1, z: 0.1}
  - {x: 0.1, y: 0.1, z: 0.1}
  - {x: 0.1, y: 0.1, z: 0.1}
  - {x: 0.1, y: 0.1, z: 0.1}
  - {x: 0.1, y: 0.1, z: 0.1}
  - {x: 0.1, y: 0.1, z: 0.1}
  - {x: 0.1, y: 0.1, z: 0.1}
  - {x: 0.1, y: 0.1, z: 0.1}
  - {x: 0.1, y: 0.1, z: 0.1}
  - {x: 0.1, y: 0.1, z: 0.1}
  - {x: 0.1, y: 0.1, z: 0.1}
  - {x: 0.1, y: 0.1, z: 0.1}
  - {x: 0.1, y: 0.1, z: 0.1}
  - {x: 0.1, y: 0.1, z: 0.1}
  - {x: 0.1, y: 0.1, z: 0.1}
  - {x: 0.1, y: 0.1, z: 0.1}
  - {x: 0.1, y: 0.1, z: 0.1}
  - {x: 0.1, y: 0.1, z: 0.1}
  - {x: 0.1, y: 0.1, z: 0.1}
  - {x: 0.1, y: 0.1, z: 0.1}
  colors:
  - {r: 1, g: 1, b: 1, a: 1}
  - {r: 0.9999999, g: 0.9999999, b: 0.9999999, a: 0.9999999}
  - {r: 0.99999994, g: 0.99999994, b: 0.99999994, a: 0.99999994}
  - {r: 0.99999994, g: 0.99999994, b: 0.99999994, a: 0.99999994}
  - {r: 0.99999994, g: 0.99999994, b: 0.99999994, a: 0.99999994}
  - {r: 0.99999994, g: 0.99999994, b: 0.99999994, a: 0.99999994}
  - {r: 0.99999994, g: 0.99999994, b: 0.99999994, a: 0.99999994}
  - {r: 0.99999994, g: 0.99999994, b: 0.99999994, a: 0.99999994}
  - {r: 1, g: 1, b: 1, a: 1}
  - {r: 1, g: 1, b: 1, a: 1}
  - {r: 1, g: 1, b: 1, a: 1}
  - {r: 1, g: 1, b: 1, a: 1}
  - {r: 1, g: 1, b: 1, a: 1}
  - {r: 1, g: 1, b: 1, a: 1}
  - {r: 1, g: 1, b: 1, a: 1}
  - {r: 1, g: 1, b: 1, a: 1}
  - {r: 1.0000001, g: 1.0000001, b: 1.0000001, a: 1.0000001}
  - {r: 1.0000001, g: 1.0000001, b: 1.0000001, a: 1.0000001}
  - {r: 1.0000001, g: 1.0000001, b: 1.0000001, a: 1.0000001}
  - {r: 1.0000001, g: 1.0000001, b: 1.0000001, a: 1.0000001}
  - {r: 1.0000001, g: 1.0000001, b: 1.0000001, a: 1.0000001}
  - {r: 1.0000001, g: 1.0000001, b: 1.0000001, a: 1.0000001}
  - {r: 1.0000001, g: 1.0000001, b: 1.0000001, a: 1.0000001}
  - {r: 1.0000001, g: 1.0000001, b: 1.0000001, a: 1.0000001}
  - {r: 1.0000001, g: 1.0000001, b: 1.0000001, a: 1.0000001}
  - {r: 1.0000001, g: 1.0000001, b: 1.0000001, a: 1.0000001}
  - {r: 1.0000001, g: 1.0000001, b: 1.0000001, a: 1.0000001}
  - {r: 1.0000001, g: 1.0000001, b: 1.0000001, a: 1.0000001}
  - {r: 1.0000001, g: 1.0000001, b: 1.0000001, a: 1.0000001}
  - {r: 1.0000001, g: 1.0000001, b: 1.0000001, a: 1.0000001}
  - {r: 1.0000001, g: 1.0000001, b: 1.0000001, a: 1.0000001}
  - {r: 1.0000001, g: 1.0000001, b: 1.0000001, a: 1.0000001}
  - {r: 1.0000001, g: 1.0000001, b: 1.0000001, a: 1.0000001}
  - {r: 1.0000001, g: 1.0000001, b: 1.0000001, a: 1.0000001}
  - {r: 1.0000001, g: 1.0000001, b: 1.0000001, a: 1.0000001}
  - {r: 1.0000001, g: 1.0000001, b: 1.0000001, a: 1.0000001}
  - {r: 1.0000001, g: 1.0000001, b: 1.0000001, a: 1.0000001}
  - {r: 1.0000001, g: 1.0000001, b: 1.0000001, a: 1.0000001}
  - {r: 1.0000001, g: 1.0000001, b: 1.0000001, a: 1.0000001}
  - {r: 1.0000001, g: 1.0000001, b: 1.0000001, a: 1.0000001}
  - {r: 1.0000001, g: 1.0000001, b: 1.0000001, a: 1.0000001}
  - {r: 1.0000001, g: 1.0000001, b: 1.0000001, a: 1.0000001}
  - {r: 1.0000001, g: 1.0000001, b: 1.0000001, a: 1.0000001}
  - {r: 1.0000001, g: 1.0000001, b: 1.0000001, a: 1.0000001}
  - {r: 1.0000001, g: 1.0000001, b: 1.0000001, a: 1.0000001}
  - {r: 1.0000001, g: 1.0000001, b: 1.0000001, a: 1.0000001}
  - {r: 1, g: 1, b: 1, a: 1}
  - {r: 1, g: 1, b: 1, a: 1}
  - {r: 1, g: 1, b: 1, a: 1}
  - {r: 1, g: 1, b: 1, a: 1}
  - {r: 1, g: 1, b: 1, a: 1}
  - {r: 1, g: 1, b: 1, a: 1}
  - {r: 1, g: 1, b: 1, a: 1}
  - {r: 1, g: 1, b: 1, a: 1}
  - {r: 1, g: 1, b: 1, a: 1}
  - {r: 1, g: 1, b: 1, a: 1}
  - {r: 1, g: 1, b: 1, a: 1}
  - {r: 1, g: 1, b: 1, a: 1}
  - {r: 1, g: 1, b: 1, a: 1}
  - {r: 1, g: 1, b: 1, a: 1}
  - {r: 1, g: 1, b: 1, a: 1}
  - {r: 1, g: 1, b: 1, a: 1}
  - {r: 1, g: 1, b: 1, a: 1}
  - {r: 1, g: 1, b: 1, a: 1}
  - {r: 1, g: 1, b: 1, a: 1}
  - {r: 1, g: 1, b: 1, a: 1}
  - {r: 1, g: 1, b: 1, a: 1}
  - {r: 1, g: 1, b: 1, a: 1}
  - {r: 1, g: 1, b: 1, a: 1}
  - {r: 1, g: 1, b: 1, a: 1}
  - {r: 1, g: 1, b: 1, a: 1}
  - {r: 1, g: 1, b: 1, a: 1}
  - {r: 1, g: 1, b: 1, a: 1}
  - {r: 1, g: 1, b: 1, a: 1}
  - {r: 1, g: 1, b: 1, a: 1}
  - {r: 1, g: 1, b: 1, a: 1}
  - {r: 1, g: 1, b: 1, a: 1}
  - {r: 1, g: 1, b: 1, a: 1}
  - {r: 1, g: 1, b: 1, a: 1}
  - {r: 1, g: 1, b: 1, a: 1}
  - {r: 1, g: 1, b: 1, a: 1}
  - {r: 1, g: 1, b: 1, a: 1}
  - {r: 1, g: 1, b: 1, a: 1}
  - {r: 1, g: 1, b: 1, a: 1}
  - {r: 1, g: 1, b: 1, a: 1}
  - {r: 1, g: 1, b: 1, a: 1}
  - {r: 1, g: 1, b: 1, a: 1}
  - {r: 1, g: 1, b: 1, a: 1}
  - {r: 1, g: 1, b: 1, a: 1}
  - {r: 1, g: 1, b: 1, a: 1}
  - {r: 1, g: 1, b: 1, a: 1}
  - {r: 1, g: 1, b: 1, a: 1}
  - {r: 1, g: 1, b: 1, a: 1}
  - {r: 1, g: 1, b: 1, a: 1}
  - {r: 1, g: 1, b: 1, a: 1}
  - {r: 1, g: 1, b: 1, a: 1}
  - {r: 1, g: 1, b: 1, a: 1}
  - {r: 1, g: 1, b: 1, a: 1}
  - {r: 1, g: 1, b: 1, a: 1}
  - {r: 1, g: 1, b: 1, a: 1}
  - {r: 1, g: 1, b: 1, a: 1}
  - {r: 1, g: 1, b: 1, a: 1}
  - {r: 1, g: 1, b: 1, a: 1}
  - {r: 1, g: 1, b: 1, a: 1}
  - {r: 1, g: 1, b: 1, a: 1}
  - {r: 1, g: 1, b: 1, a: 1}
  - {r: 1, g: 1, b: 1, a: 1}
  points: 
  edges: 000000000100000001000000020000000200000003000000030000000400000004000000050000000500000006000000060000000700000007000000080000000800000009000000090000000a0000000a0000000b0000000b0000000c0000000c0000000d0000000d0000000e0000000e0000000f0000000f00000010000000100000001100000011000000120000001200000013000000130000001400000014000000150000001500000016000000160000001700000017000000180000001800000019000000190000001a0000001a0000001b0000001b0000001c0000001c0000001d0000001d0000001e0000001e0000001f0000001f00000020000000200000002100000021000000220000002200000023000000230000002400000024000000250000002500000026000000260000002700000027000000280000002800000029000000290000002a0000002a0000002b0000002b0000002c0000002c0000002d0000002d0000002e0000002e0000002f0000002f00000030000000300000003100000031000000320000003200000033000000330000003400000034000000350000003500000036000000360000003700000037000000380000003800000039000000390000003a0000003a0000003b0000003b0000003c0000003c0000003d0000003d0000003e0000003e0000003f0000003f00000040000000400000004100000041000000420000004200000043000000430000004400000044000000450000004500000046000000460000004700000047000000480000004800000049000000490000004a0000004a0000004b0000004b0000004c0000004c0000004d0000004d0000004e0000004e0000004f0000004f00000050000000500000005100000051000000520000005200000053000000530000005400000054000000550000005500000056000000560000005700000057000000580000005800000059000000590000005a0000005a0000005b0000005b0000005c0000005c0000005d0000005d0000005e0000005e0000005f0000005f00000060000000600000006100000061000000620000006200000063000000630000006400000064000000650000006500000066000000660000006700000067000000680000006800000069000000690000006a000000
  triangles: 
  distanceConstraintsData:
    batches: []
  bendConstraintsData:
    batches: []
  skinConstraintsData:
    batches: []
  tetherConstraintsData:
    batches: []
  stretchShearConstraintsData:
    batches:
    - m_IDs: 000000000100000002000000030000000400000005000000060000000700000008000000090000000a0000000b0000000c0000000d0000000e0000000f000000100000001100000012000000130000001400000015000000160000001700000018000000190000001a0000001b0000001c0000001d0000001e0000001f000000200000002100000022000000230000002400000025000000260000002700000028000000290000002a0000002b0000002c0000002d0000002e0000002f0000003000000031000000320000003300000034000000
      m_IDToIndex: 000000000100000002000000030000000400000005000000060000000700000008000000090000000a0000000b0000000c0000000d0000000e0000000f000000100000001100000012000000130000001400000015000000160000001700000018000000190000001a0000001b0000001c0000001d0000001e0000001f000000200000002100000022000000230000002400000025000000260000002700000028000000290000002a0000002b0000002c0000002d0000002e0000002f0000003000000031000000320000003300000034000000
      m_ConstraintCount: 53
      m_ActiveConstraintCount: 53
      m_InitialActiveConstraintCount: 53
      particleIndices:
        serializedContents: 000000000100000002000000030000000400000005000000060000000700000008000000090000000a0000000b0000000c0000000d0000000e0000000f000000100000001100000012000000130000001400000015000000160000001700000018000000190000001a0000001b0000001c0000001d0000001e0000001f000000200000002100000022000000230000002400000025000000260000002700000028000000290000002a0000002b0000002c0000002d0000002e0000002f000000300000003100000032000000330000003400000035000000360000003700000038000000390000003a0000003b0000003c0000003d0000003e0000003f000000400000004100000042000000430000004400000045000000460000004700000048000000490000004a0000004b0000004c0000004d0000004e0000004f000000500000005100000052000000530000005400000055000000560000005700000058000000590000005a0000005b0000005c0000005d0000005e0000005f00000060000000610000006200000063000000640000006500000066000000670000006800000069000000
        m_AlignBytes: 16
      lambdas:
        serializedContents: []
        m_AlignBytes: 16
      orientationIndices:
        serializedContents: 00000000020000000400000006000000080000000a0000000c0000000e00000010000000120000001400000016000000180000001a0000001c0000001e00000020000000220000002400000026000000280000002a0000002c0000002e00000030000000320000003400000036000000380000003a0000003c0000003e00000040000000420000004400000046000000480000004a0000004c0000004e00000050000000520000005400000056000000580000005a0000005c0000005e0000006000000062000000640000006600000068000000
        m_AlignBytes: 16
      restLengths:
        serializedContents:
        - 0.06796281
        - 0.0664224
        - 0.09133704
        - 0.09124155
        - 0.09109388
        - 0.09148269
        - 0.08869123
        - 0.08957866
        - 0.089493334
        - 0.089274526
        - 0.091230534
        - 0.1048094
        - 0.10491232
        - 0.10164833
        - 0.09868338
        - 0.09856486
        - 0.10208806
        - 0.099401526
        - 0.100253075
        - 0.10037264
        - 0.0993848
        - 0.10041859
        - 0.100020476
        - 0.099985965
        - 0.100112535
        - 0.10050488
        - 0.09957437
        - 0.101598695
        - 0.09794968
        - 0.100123
        - 0.103373155
        - 0.09836399
        - 0.09644247
        - 0.09604936
        - 0.10031693
        - 0.09556159
        - 0.096356176
        - 0.096596256
        - 0.096672796
        - 0.09632123
        - 0.09652413
        - 0.09610771
        - 0.09664429
        - 0.09611994
        - 0.09489767
        - 0.09498506
        - 0.09497557
        - 0.09791481
        - 0.09922179
        - 0.09912473
        - 0.09897121
        - 0.098980695
        - 0.09899845
        m_AlignBytes: 16
      restOrientations:
        serializedContents:
        - {x: 0, y: 0, z: 0, w: 1}
        - {x: 0, y: 0, z: 0, w: 1}
        - {x: 0, y: 0, z: 0, w: 1}
        - {x: 0, y: 0, z: 0, w: 1}
        - {x: 0, y: 0, z: 0, w: 1}
        - {x: 0, y: 0, z: 0, w: 1}
        - {x: 0, y: 0, z: 0, w: 1}
        - {x: 0, y: 0, z: 0, w: 1}
        - {x: 0, y: 0, z: 0, w: 1}
        - {x: 0, y: 0, z: 0, w: 1}
        - {x: 0, y: 0, z: 0, w: 1}
        - {x: 0, y: 0, z: 0, w: 1}
        - {x: 0, y: 0, z: 0, w: 1}
        - {x: 0, y: 0, z: 0, w: 1}
        - {x: 0, y: 0, z: 0, w: 1}
        - {x: 0, y: 0, z: 0, w: 1}
        - {x: 0, y: 0, z: 0, w: 1}
        - {x: 0, y: 0, z: 0, w: 1}
        - {x: 0, y: 0, z: 0, w: 1}
        - {x: 0, y: 0, z: 0, w: 1}
        - {x: 0, y: 0, z: 0, w: 1}
        - {x: 0, y: 0, z: 0, w: 1}
        - {x: 0, y: 0, z: 0, w: 1}
        - {x: 0, y: 0, z: 0, w: 1}
        - {x: 0, y: 0, z: 0, w: 1}
        - {x: 0, y: 0, z: 0, w: 1}
        - {x: 0, y: 0, z: 0, w: 1}
        - {x: 0, y: 0, z: 0, w: 1}
        - {x: 0, y: 0, z: 0, w: 1}
        - {x: 0, y: 0, z: 0, w: 1}
        - {x: 0, y: 0, z: 0, w: 1}
        - {x: 0, y: 0, z: 0, w: 1}
        - {x: 0, y: 0, z: 0, w: 1}
        - {x: 0, y: 0, z: 0, w: 1}
        - {x: 0, y: 0, z: 0, w: 1}
        - {x: 0, y: 0, z: 0, w: 1}
        - {x: 0, y: 0, z: 0, w: 1}
        - {x: 0, y: 0, z: 0, w: 1}
        - {x: 0, y: 0, z: 0, w: 1}
        - {x: 0, y: 0, z: 0, w: 1}
        - {x: 0, y: 0, z: 0, w: 1}
        - {x: 0, y: 0, z: 0, w: 1}
        - {x: 0, y: 0, z: 0, w: 1}
        - {x: 0, y: 0, z: 0, w: 1}
        - {x: 0, y: 0, z: 0, w: 1}
        - {x: 0, y: 0, z: 0, w: 1}
        - {x: 0, y: 0, z: 0, w: 1}
        - {x: 0, y: 0, z: 0, w: 1}
        - {x: 0, y: 0, z: 0, w: 1}
        - {x: 0, y: 0, z: 0, w: 1}
        - {x: 0, y: 0, z: 0, w: 1}
        - {x: 0, y: 0, z: 0, w: 1}
        - {x: 0, y: 0, z: 0, w: 1}
        m_AlignBytes: 16
      stiffnesses:
        serializedContents:
        - {x: 0, y: 0, z: 0}
        - {x: 0, y: 0, z: 0}
        - {x: 0, y: 0, z: 0}
        - {x: 0, y: 0, z: 0}
        - {x: 0, y: 0, z: 0}
        - {x: 0, y: 0, z: 0}
        - {x: 0, y: 0, z: 0}
        - {x: 0, y: 0, z: 0}
        - {x: 0, y: 0, z: 0}
        - {x: 0, y: 0, z: 0}
        - {x: 0, y: 0, z: 0}
        - {x: 0, y: 0, z: 0}
        - {x: 0, y: 0, z: 0}
        - {x: 0, y: 0, z: 0}
        - {x: 0, y: 0, z: 0}
        - {x: 0, y: 0, z: 0}
        - {x: 0, y: 0, z: 0}
        - {x: 0, y: 0, z: 0}
        - {x: 0, y: 0, z: 0}
        - {x: 0, y: 0, z: 0}
        - {x: 0, y: 0, z: 0}
        - {x: 0, y: 0, z: 0}
        - {x: 0, y: 0, z: 0}
        - {x: 0, y: 0, z: 0}
        - {x: 0, y: 0, z: 0}
        - {x: 0, y: 0, z: 0}
        - {x: 0, y: 0, z: 0}
        - {x: 0, y: 0, z: 0}
        - {x: 0, y: 0, z: 0}
        - {x: 0, y: 0, z: 0}
        - {x: 0, y: 0, z: 0}
        - {x: 0, y: 0, z: 0}
        - {x: 0, y: 0, z: 0}
        - {x: 0, y: 0, z: 0}
        - {x: 0, y: 0, z: 0}
        - {x: 0, y: 0, z: 0}
        - {x: 0, y: 0, z: 0}
        - {x: 0, y: 0, z: 0}
        - {x: 0, y: 0, z: 0}
        - {x: 0, y: 0, z: 0}
        - {x: 0, y: 0, z: 0}
        - {x: 0, y: 0, z: 0}
        - {x: 0, y: 0, z: 0}
        - {x: 0, y: 0, z: 0}
        - {x: 0, y: 0, z: 0}
        - {x: 0, y: 0, z: 0}
        - {x: 0, y: 0, z: 0}
        - {x: 0, y: 0, z: 0}
        - {x: 0, y: 0, z: 0}
        - {x: 0, y: 0, z: 0}
        - {x: 0, y: 0, z: 0}
        - {x: 0, y: 0, z: 0}
        - {x: 0, y: 0, z: 0}
        m_AlignBytes: 16
    - m_IDs: 000000000100000002000000030000000400000005000000060000000700000008000000090000000a0000000b0000000c0000000d0000000e0000000f000000100000001100000012000000130000001400000015000000160000001700000018000000190000001a0000001b0000001c0000001d0000001e0000001f000000200000002100000022000000230000002400000025000000260000002700000028000000290000002a0000002b0000002c0000002d0000002e0000002f0000003000000031000000320000003300000034000000
      m_IDToIndex: 000000000100000002000000030000000400000005000000060000000700000008000000090000000a0000000b0000000c0000000d0000000e0000000f000000100000001100000012000000130000001400000015000000160000001700000018000000190000001a0000001b0000001c0000001d0000001e0000001f000000200000002100000022000000230000002400000025000000260000002700000028000000290000002a0000002b0000002c0000002d0000002e0000002f0000003000000031000000320000003300000034000000
      m_ConstraintCount: 53
      m_ActiveConstraintCount: 53
      m_InitialActiveConstraintCount: 53
      particleIndices:
        serializedContents: 0100000002000000030000000400000005000000060000000700000008000000090000000a0000000b0000000c0000000d0000000e0000000f000000100000001100000012000000130000001400000015000000160000001700000018000000190000001a0000001b0000001c0000001d0000001e0000001f000000200000002100000022000000230000002400000025000000260000002700000028000000290000002a0000002b0000002c0000002d0000002e0000002f000000300000003100000032000000330000003400000035000000360000003700000038000000390000003a0000003b0000003c0000003d0000003e0000003f000000400000004100000042000000430000004400000045000000460000004700000048000000490000004a0000004b0000004c0000004d0000004e0000004f000000500000005100000052000000530000005400000055000000560000005700000058000000590000005a0000005b0000005c0000005d0000005e0000005f000000600000006100000062000000630000006400000065000000660000006700000068000000690000006a000000
        m_AlignBytes: 16
      lambdas:
        serializedContents: []
        m_AlignBytes: 16
      orientationIndices:
        serializedContents: 01000000030000000500000007000000090000000b0000000d0000000f00000011000000130000001500000017000000190000001b0000001d0000001f00000021000000230000002500000027000000290000002b0000002d0000002f00000031000000330000003500000037000000390000003b0000003d0000003f00000041000000430000004500000047000000490000004b0000004d0000004f00000051000000530000005500000057000000590000005b0000005d0000005f0000006100000063000000650000006700000069000000
        m_AlignBytes: 16
      restLengths:
        serializedContents:
        - 0.06712904
        - 0.0904823
        - 0.09121886
        - 0.091232166
        - 0.09111047
        - 0.08896597
        - 0.08943677
        - 0.08951482
        - 0.0895538
        - 0.089312725
        - 0.10131645
        - 0.09516767
        - 0.09596791
        - 0.100257285
        - 0.102734335
        - 0.09944803
        - 0.09910517
        - 0.10113758
        - 0.099279456
        - 0.10099387
        - 0.09997254
        - 0.100187756
        - 0.100023754
        - 0.100546025
        - 0.09953558
        - 0.1006544
        - 0.09936167
        - 0.099865556
        - 0.102630794
        - 0.09725054
        - 0.09964174
        - 0.103066735
        - 0.10414468
        - 0.10469916
        - 0.093469515
        - 0.095813245
        - 0.09656261
        - 0.096653186
        - 0.096418604
        - 0.09651831
        - 0.0963454
        - 0.096685275
        - 0.096510775
        - 0.09667848
        - 0.09608829
        - 0.094340436
        - 0.09518837
        - 0.09899496
        - 0.09894771
        - 0.09896073
        - 0.09911078
        - 0.099198885
        - 0.09822201
        m_AlignBytes: 16
      restOrientations:
        serializedContents:
        - {x: 0, y: 0, z: 0, w: 1}
        - {x: 0, y: 0, z: 0, w: 1}
        - {x: 0, y: 0, z: 0, w: 1}
        - {x: 0, y: 0, z: 0, w: 1}
        - {x: 0, y: 0, z: 0, w: 1}
        - {x: 0, y: 0, z: 0, w: 1}
        - {x: 0, y: 0, z: 0, w: 1}
        - {x: 0, y: 0, z: 0, w: 1}
        - {x: 0, y: 0, z: 0, w: 1}
        - {x: 0, y: 0, z: 0, w: 1}
        - {x: 0, y: 0, z: 0, w: 1}
        - {x: 0, y: 0, z: 0, w: 1}
        - {x: 0, y: 0, z: 0, w: 1}
        - {x: 0, y: 0, z: 0, w: 1}
        - {x: 0, y: 0, z: 0, w: 1}
        - {x: 0, y: 0, z: 0, w: 1}
        - {x: 0, y: 0, z: 0, w: 1}
        - {x: 0, y: 0, z: 0, w: 1}
        - {x: 0, y: 0, z: 0, w: 1}
        - {x: 0, y: 0, z: 0, w: 1}
        - {x: 0, y: 0, z: 0, w: 1}
        - {x: 0, y: 0, z: 0, w: 1}
        - {x: 0, y: 0, z: 0, w: 1}
        - {x: 0, y: 0, z: 0, w: 1}
        - {x: 0, y: 0, z: 0, w: 1}
        - {x: 0, y: 0, z: 0, w: 1}
        - {x: 0, y: 0, z: 0, w: 1}
        - {x: 0, y: 0, z: 0, w: 1}
        - {x: 0, y: 0, z: 0, w: 1}
        - {x: 0, y: 0, z: 0, w: 1}
        - {x: 0, y: 0, z: 0, w: 1}
        - {x: 0, y: 0, z: 0, w: 1}
        - {x: 0, y: 0, z: 0, w: 1}
        - {x: 0, y: 0, z: 0, w: 1}
        - {x: 0, y: 0, z: 0, w: 1}
        - {x: 0, y: 0, z: 0, w: 1}
        - {x: 0, y: 0, z: 0, w: 1}
        - {x: 0, y: 0, z: 0, w: 1}
        - {x: 0, y: 0, z: 0, w: 1}
        - {x: 0, y: 0, z: 0, w: 1}
        - {x: 0, y: 0, z: 0, w: 1}
        - {x: 0, y: 0, z: 0, w: 1}
        - {x: 0, y: 0, z: 0, w: 1}
        - {x: 0, y: 0, z: 0, w: 1}
        - {x: 0, y: 0, z: 0, w: 1}
        - {x: 0, y: 0, z: 0, w: 1}
        - {x: 0, y: 0, z: 0, w: 1}
        - {x: 0, y: 0, z: 0, w: 1}
        - {x: 0, y: 0, z: 0, w: 1}
        - {x: 0, y: 0, z: 0, w: 1}
        - {x: 0, y: 0, z: 0, w: 1}
        - {x: 0, y: 0, z: 0, w: 1}
        - {x: 0, y: 0, z: 0, w: 1}
        m_AlignBytes: 16
      stiffnesses:
        serializedContents:
        - {x: 0, y: 0, z: 0}
        - {x: 0, y: 0, z: 0}
        - {x: 0, y: 0, z: 0}
        - {x: 0, y: 0, z: 0}
        - {x: 0, y: 0, z: 0}
        - {x: 0, y: 0, z: 0}
        - {x: 0, y: 0, z: 0}
        - {x: 0, y: 0, z: 0}
        - {x: 0, y: 0, z: 0}
        - {x: 0, y: 0, z: 0}
        - {x: 0, y: 0, z: 0}
        - {x: 0, y: 0, z: 0}
        - {x: 0, y: 0, z: 0}
        - {x: 0, y: 0, z: 0}
        - {x: 0, y: 0, z: 0}
        - {x: 0, y: 0, z: 0}
        - {x: 0, y: 0, z: 0}
        - {x: 0, y: 0, z: 0}
        - {x: 0, y: 0, z: 0}
        - {x: 0, y: 0, z: 0}
        - {x: 0, y: 0, z: 0}
        - {x: 0, y: 0, z: 0}
        - {x: 0, y: 0, z: 0}
        - {x: 0, y: 0, z: 0}
        - {x: 0, y: 0, z: 0}
        - {x: 0, y: 0, z: 0}
        - {x: 0, y: 0, z: 0}
        - {x: 0, y: 0, z: 0}
        - {x: 0, y: 0, z: 0}
        - {x: 0, y: 0, z: 0}
        - {x: 0, y: 0, z: 0}
        - {x: 0, y: 0, z: 0}
        - {x: 0, y: 0, z: 0}
        - {x: 0, y: 0, z: 0}
        - {x: 0, y: 0, z: 0}
        - {x: 0, y: 0, z: 0}
        - {x: 0, y: 0, z: 0}
        - {x: 0, y: 0, z: 0}
        - {x: 0, y: 0, z: 0}
        - {x: 0, y: 0, z: 0}
        - {x: 0, y: 0, z: 0}
        - {x: 0, y: 0, z: 0}
        - {x: 0, y: 0, z: 0}
        - {x: 0, y: 0, z: 0}
        - {x: 0, y: 0, z: 0}
        - {x: 0, y: 0, z: 0}
        - {x: 0, y: 0, z: 0}
        - {x: 0, y: 0, z: 0}
        - {x: 0, y: 0, z: 0}
        - {x: 0, y: 0, z: 0}
        - {x: 0, y: 0, z: 0}
        - {x: 0, y: 0, z: 0}
        - {x: 0, y: 0, z: 0}
        m_AlignBytes: 16
  bendTwistConstraintsData:
    batches:
    - m_IDs: 000000000100000002000000030000000400000005000000060000000700000008000000090000000a0000000b0000000c0000000d0000000e0000000f000000100000001100000012000000130000001400000015000000160000001700000018000000190000001a0000001b0000001c0000001d0000001e0000001f000000200000002100000022000000230000002400000025000000260000002700000028000000290000002a0000002b0000002c0000002d0000002e0000002f0000003000000031000000320000003300000034000000
      m_IDToIndex: 000000000100000002000000030000000400000005000000060000000700000008000000090000000a0000000b0000000c0000000d0000000e0000000f000000100000001100000012000000130000001400000015000000160000001700000018000000190000001a0000001b0000001c0000001d0000001e0000001f000000200000002100000022000000230000002400000025000000260000002700000028000000290000002a0000002b0000002c0000002d0000002e0000002f0000003000000031000000320000003300000034000000
      m_ConstraintCount: 53
      m_ActiveConstraintCount: 53
      m_InitialActiveConstraintCount: 53
      particleIndices:
        serializedContents: 000000000100000002000000030000000400000005000000060000000700000008000000090000000a0000000b0000000c0000000d0000000e0000000f000000100000001100000012000000130000001400000015000000160000001700000018000000190000001a0000001b0000001c0000001d0000001e0000001f000000200000002100000022000000230000002400000025000000260000002700000028000000290000002a0000002b0000002c0000002d0000002e0000002f000000300000003100000032000000330000003400000035000000360000003700000038000000390000003a0000003b0000003c0000003d0000003e0000003f000000400000004100000042000000430000004400000045000000460000004700000048000000490000004a0000004b0000004c0000004d0000004e0000004f000000500000005100000052000000530000005400000055000000560000005700000058000000590000005a0000005b0000005c0000005d0000005e0000005f00000060000000610000006200000063000000640000006500000066000000670000006800000069000000
        m_AlignBytes: 16
      lambdas:
        serializedContents: []
        m_AlignBytes: 16
      restDarbouxVectors:
        serializedContents:
        - {x: 0.19129798, y: -0.0022630368, z: -0.003383306, w: 0.98152363}
        - {x: 0.21938176, y: 0.0022723365, z: -0.0013643678, w: 0.9756355}
        - {x: 0.00078207743, y: 0.0004887982, z: 0.000042264277, w: 0.9999996}
        - {x: -0.007998981, y: 0.00053620915, z: -0.00002982828, w: 0.99996793}
        - {x: -0.021340065, y: 0.0010137166, z: -0.00034742046, w: 0.99977165}
        - {x: -0.14637524, y: 0.0057052365, z: -0.0017253538, w: 0.9892112}
        - {x: -0.09368138, y: 0.013670043, z: 0.0067705754, w: 0.99548537}
        - {x: -0.0186676, y: 0.010427117, z: -0.00286344, w: 0.9997673}
        - {x: -0.008208206, y: 0.016325109, z: -0.0061234664, w: 0.99981433}
        - {x: -0.0024241796, y: 0.050601475, z: -0.008054909, w: 0.9986836}
        - {x: 0, y: 0.106221154, z: 0, w: 0.9943426}
        - {x: 0, y: 0.010855423, z: 0, w: 0.9999412}
        - {x: 0, y: 0.0048641916, z: 0, w: 0.99998826}
        - {x: 0, y: 0.0029189652, z: 0, w: 0.99999577}
        - {x: 0, y: 0.0019875644, z: 0, w: 0.99999803}
        - {x: 0, y: 0.0014487954, z: 0, w: 0.999999}
        - {x: 0, y: 0.001145805, z: 0, w: 0.99999934}
        - {x: 0, y: 0.0009248327, z: 0, w: 0.9999996}
        - {x: 0, y: 0.00076443725, z: 0, w: 0.99999976}
        - {x: 0, y: 0.0006591718, z: 0, w: 0.9999998}
        - {x: 0, y: 0.00056669523, z: 0, w: 0.9999999}
        - {x: 0, y: 0.0005019969, z: 0, w: 0.99999994}
        - {x: 0, y: 0.00044793528, z: 0, w: 0.99999994}
        - {x: 0, y: 0.00040145623, z: 0, w: 0.9999999}
        - {x: 0, y: 0.00036460237, z: 0, w: 0.99999994}
        - {x: 0, y: 0.000338926, z: 0, w: 1}
        - {x: 0, y: 0.00030970227, z: 0, w: 0.99999994}
        - {x: 0, y: 0.00029163656, z: 0, w: 1}
        - {x: 0, y: 0.00027587678, z: 0, w: 1}
        - {x: 0, y: 0.00025746136, z: 0, w: 1}
        - {x: 0, y: 0.00025554743, z: 0, w: 1}
        - {x: 0, y: 0.00024272136, z: 0, w: 1}
        - {x: 0, y: 0.00023876624, z: 0, w: 1}
        - {x: 0, y: 0.00022352205, z: 0, w: 1}
        - {x: 0, y: -0.00047717817, z: 0, w: 0.99999994}
        - {x: -0.0005922182, y: 0.000042450258, z: 0.0000004893951, w: 0.9999998}
        - {x: -0.00002267264, y: -0.0022013332, z: -0.000027092865, w: 0.9999976}
        - {x: 0.000015966076, y: -0.002555422, z: -0.000031466472, w: 0.9999968}
        - {x: 0.000034553646, y: -0.0030701228, z: -0.00003748627, w: 0.9999953}
        - {x: 0.000054951877, y: -0.003884004, z: -0.000046724817, w: 0.9999925}
        - {x: 0.00008305813, y: -0.0052674, z: -0.00006193357, w: 0.9999862}
        - {x: 0.00013227756, y: -0.00787634, z: -0.000089293506, w: 0.999969}
        - {x: 0.0002481689, y: -0.014008526, z: -0.0001485378, w: 0.9999019}
        - {x: 0.0006968022, y: -0.036802102, z: -0.00032726067, w: 0.99932235}
        - {x: 0.013272902, y: -0.1558217, z: 0.0013931275, w: 0.98769504}
        - {x: -0.053797897, y: -0.2736035, z: -0.000307902, w: 0.96033686}
        - {x: -0.23435517, y: 0.036635663, z: 0.0290472, w: 0.9710261}
        - {x: -0.06903936, y: 0.009976276, z: 0.035057604, w: 0.99694794}
        - {x: -0.01465472, y: 0.0023929283, z: -0.0076781106, w: 0.9998603}
        - {x: -0.0072260173, y: 0.0006719328, z: -0.0068506463, w: 0.9999503}
        - {x: -0.004571705, y: -0.00007145173, z: -0.003927836, w: 0.99998194}
        - {x: -0.0032424713, y: -0.0009605071, z: -0.002235774, w: 0.9999918}
        - {x: -0.0015773065, y: -0.006278759, z: -0.00095725595, w: 0.9999786}
        m_AlignBytes: 16
      stiffnesses:
        serializedContents:
        - {x: 0, y: 0, z: 0}
        - {x: 0, y: 0, z: 0}
        - {x: 0, y: 0, z: 0}
        - {x: 0, y: 0, z: 0}
        - {x: 0, y: 0, z: 0}
        - {x: 0, y: 0, z: 0}
        - {x: 0, y: 0, z: 0}
        - {x: 0, y: 0, z: 0}
        - {x: 0, y: 0, z: 0}
        - {x: 0, y: 0, z: 0}
        - {x: 0, y: 0, z: 0}
        - {x: 0, y: 0, z: 0}
        - {x: 0, y: 0, z: 0}
        - {x: 0, y: 0, z: 0}
        - {x: 0, y: 0, z: 0}
        - {x: 0, y: 0, z: 0}
        - {x: 0, y: 0, z: 0}
        - {x: 0, y: 0, z: 0}
        - {x: 0, y: 0, z: 0}
        - {x: 0, y: 0, z: 0}
        - {x: 0, y: 0, z: 0}
        - {x: 0, y: 0, z: 0}
        - {x: 0, y: 0, z: 0}
        - {x: 0, y: 0, z: 0}
        - {x: 0, y: 0, z: 0}
        - {x: 0, y: 0, z: 0}
        - {x: 0, y: 0, z: 0}
        - {x: 0, y: 0, z: 0}
        - {x: 0, y: 0, z: 0}
        - {x: 0, y: 0, z: 0}
        - {x: 0, y: 0, z: 0}
        - {x: 0, y: 0, z: 0}
        - {x: 0, y: 0, z: 0}
        - {x: 0, y: 0, z: 0}
        - {x: 0, y: 0, z: 0}
        - {x: 0, y: 0, z: 0}
        - {x: 0, y: 0, z: 0}
        - {x: 0, y: 0, z: 0}
        - {x: 0, y: 0, z: 0}
        - {x: 0, y: 0, z: 0}
        - {x: 0, y: 0, z: 0}
        - {x: 0, y: 0, z: 0}
        - {x: 0, y: 0, z: 0}
        - {x: 0, y: 0, z: 0}
        - {x: 0, y: 0, z: 0}
        - {x: 0, y: 0, z: 0}
        - {x: 0, y: 0, z: 0}
        - {x: 0, y: 0, z: 0}
        - {x: 0, y: 0, z: 0}
        - {x: 0, y: 0, z: 0}
        - {x: 0, y: 0, z: 0}
        - {x: 0, y: 0, z: 0}
        - {x: 0, y: 0, z: 0}
        m_AlignBytes: 16
      plasticity:
        serializedContents:
        - {x: 0, y: 0}
        - {x: 0, y: 0}
        - {x: 0, y: 0}
        - {x: 0, y: 0}
        - {x: 0, y: 0}
        - {x: 0, y: 0}
        - {x: 0, y: 0}
        - {x: 0, y: 0}
        - {x: 0, y: 0}
        - {x: 0, y: 0}
        - {x: 0, y: 0}
        - {x: 0, y: 0}
        - {x: 0, y: 0}
        - {x: 0, y: 0}
        - {x: 0, y: 0}
        - {x: 0, y: 0}
        - {x: 0, y: 0}
        - {x: 0, y: 0}
        - {x: 0, y: 0}
        - {x: 0, y: 0}
        - {x: 0, y: 0}
        - {x: 0, y: 0}
        - {x: 0, y: 0}
        - {x: 0, y: 0}
        - {x: 0, y: 0}
        - {x: 0, y: 0}
        - {x: 0, y: 0}
        - {x: 0, y: 0}
        - {x: 0, y: 0}
        - {x: 0, y: 0}
        - {x: 0, y: 0}
        - {x: 0, y: 0}
        - {x: 0, y: 0}
        - {x: 0, y: 0}
        - {x: 0, y: 0}
        - {x: 0, y: 0}
        - {x: 0, y: 0}
        - {x: 0, y: 0}
        - {x: 0, y: 0}
        - {x: 0, y: 0}
        - {x: 0, y: 0}
        - {x: 0, y: 0}
        - {x: 0, y: 0}
        - {x: 0, y: 0}
        - {x: 0, y: 0}
        - {x: 0, y: 0}
        - {x: 0, y: 0}
        - {x: 0, y: 0}
        - {x: 0, y: 0}
        - {x: 0, y: 0}
        - {x: 0, y: 0}
        - {x: 0, y: 0}
        - {x: 0, y: 0}
        m_AlignBytes: 16
    - m_IDs: 000000000100000002000000030000000400000005000000060000000700000008000000090000000a0000000b0000000c0000000d0000000e0000000f000000100000001100000012000000130000001400000015000000160000001700000018000000190000001a0000001b0000001c0000001d0000001e0000001f000000200000002100000022000000230000002400000025000000260000002700000028000000290000002a0000002b0000002c0000002d0000002e0000002f0000003000000031000000320000003300000034000000
      m_IDToIndex: 000000000100000002000000030000000400000005000000060000000700000008000000090000000a0000000b0000000c0000000d0000000e0000000f000000100000001100000012000000130000001400000015000000160000001700000018000000190000001a0000001b0000001c0000001d0000001e0000001f000000200000002100000022000000230000002400000025000000260000002700000028000000290000002a0000002b0000002c0000002d0000002e0000002f0000003000000031000000320000003300000034000000
      m_ConstraintCount: 53
      m_ActiveConstraintCount: 53
      m_InitialActiveConstraintCount: 53
      particleIndices:
        serializedContents: 0100000002000000030000000400000005000000060000000700000008000000090000000a0000000b0000000c0000000d0000000e0000000f000000100000001100000012000000130000001400000015000000160000001700000018000000190000001a0000001b0000001c0000001d0000001e0000001f000000200000002100000022000000230000002400000025000000260000002700000028000000290000002a0000002b0000002c0000002d0000002e0000002f000000300000003100000032000000330000003400000035000000360000003700000038000000390000003a0000003b0000003c0000003d0000003e0000003f000000400000004100000042000000430000004400000045000000460000004700000048000000490000004a0000004b0000004c0000004d0000004e0000004f000000500000005100000052000000530000005400000055000000560000005700000058000000590000005a0000005b0000005c0000005d0000005e0000005f000000600000006100000062000000630000006400000065000000660000006700000068000000690000006a000000
        m_AlignBytes: 16
      lambdas:
        serializedContents: []
        m_AlignBytes: 16
      restDarbouxVectors:
        serializedContents:
        - {x: 0.36827314, y: 0.00005241218, z: -0.0045259926, w: 0.92970675}
        - {x: 0.019570109, y: 0.0008388216, z: -0.0000689374, w: 0.99980813}
        - {x: -0.0041945106, y: 0.00046801916, z: 0.000028969924, w: 0.9999912}
        - {x: -0.012838085, y: 0.0006906857, z: -0.00014140704, w: 0.9999174}
        - {x: -0.042336505, y: 0.0018333534, z: -0.0007701696, w: 0.9991014}
        - {x: -0.3563524, y: 0.020151898, z: 0.0037337504, w: 0.9341269}
        - {x: -0.0340051, y: 0.010324396, z: 0.00055980665, w: 0.99936813}
        - {x: -0.0119743785, y: 0.012248119, z: -0.0048359977, w: 0.99984163}
        - {x: -0.0055096964, y: 0.02522222, z: -0.007166961, w: 0.999641}
        - {x: 0.0031380728, y: 0.44701764, z: -0.0061928043, w: 0.8944982}
        - {x: 0, y: 0.022360096, z: 0, w: 0.9997501}
        - {x: 0, y: 0.006824916, z: 0, w: 0.9999768}
        - {x: 0, y: 0.003609163, z: 0, w: 0.99999356}
        - {x: 0, y: 0.0023490642, z: 0, w: 0.99999726}
        - {x: 0, y: 0.0016966701, z: 0, w: 0.99999857}
        - {x: 0, y: 0.0012954231, z: 0, w: 0.99999917}
        - {x: 0, y: 0.0010161032, z: 0, w: 0.9999995}
        - {x: 0, y: 0.0008497454, z: 0, w: 0.9999997}
        - {x: 0, y: 0.00071033067, z: 0, w: 0.99999976}
        - {x: 0, y: 0.00061126234, z: 0, w: 0.9999998}
        - {x: 0, y: 0.00053314277, z: 0, w: 0.99999994}
        - {x: 0, y: 0.0004711834, z: 0, w: 0.99999994}
        - {x: 0, y: 0.00042257982, z: 0, w: 0.9999999}
        - {x: 0, y: 0.0003863824, z: 0, w: 0.99999994}
        - {x: 0, y: 0.00035095107, z: 0, w: 1}
        - {x: 0, y: 0.00032436734, z: 0, w: 1}
        - {x: 0, y: 0.00030278263, z: 0, w: 1}
        - {x: 0, y: 0.0002817186, z: 0, w: 1}
        - {x: 0, y: 0.00027149054, z: 0, w: 1}
        - {x: 0, y: 0.0002551945, z: 0, w: 1}
        - {x: 0, y: 0.00024663538, z: 0, w: 1}
        - {x: 0, y: 0.00023908487, z: 0, w: 1}
        - {x: 0, y: 0.00023063853, z: 0, w: 1}
        - {x: 0, y: 0.00018396431, z: 0, w: 1}
        - {x: -0.0054673715, y: 0.01097019, z: 0.000059982613, w: 0.9999249}
        - {x: -0.00008215544, y: -0.001977707, z: -0.000024133305, w: 0.9999981}
        - {x: 0.00000029582486, y: -0.002368552, z: -0.000029203986, w: 0.99999726}
        - {x: 0.000026528136, y: -0.0027862485, z: -0.00003419036, w: 0.9999961}
        - {x: 0.000045210516, y: -0.0034236992, z: -0.000041530307, w: 0.99999416}
        - {x: 0.0000670566, y: -0.004483278, z: -0.00005338705, w: 0.99999005}
        - {x: 0.00010278436, y: -0.0063277828, z: -0.00007322531, w: 0.99998}
        - {x: 0.00017648221, y: -0.0102193905, z: -0.00011270068, w: 0.99994785}
        - {x: 0.00038257227, y: -0.020936707, z: -0.00020879066, w: 0.9997808}
        - {x: 0.0018409863, y: -0.092320845, z: -0.00058588054, w: 0.9957275}
        - {x: 0.016007155, y: -0.16444267, z: 0.006351771, w: 0.98623633}
        - {x: -0.18419044, y: -0.17113589, z: -0.042846378, w: 0.9669284}
        - {x: -0.17804743, y: 0.06390957, z: 0.12190621, w: 0.9743479}
        - {x: -0.025811527, y: 0.00458119, z: 0.004500238, w: 0.99964625}
        - {x: -0.009825752, y: 0.0012895983, z: -0.008456879, w: 0.99991524}
        - {x: -0.0056221946, y: 0.00026538217, z: -0.0051990775, w: 0.99997073}
        - {x: -0.003814266, y: -0.00043184354, z: -0.0029755854, w: 0.99998826}
        - {x: -0.0027114819, y: -0.0020483334, z: -0.0016193407, w: 0.99999297}
        - {x: 0, y: 0, z: 0, w: 1}
        m_AlignBytes: 16
      stiffnesses:
        serializedContents:
        - {x: 0, y: 0, z: 0}
        - {x: 0, y: 0, z: 0}
        - {x: 0, y: 0, z: 0}
        - {x: 0, y: 0, z: 0}
        - {x: 0, y: 0, z: 0}
        - {x: 0, y: 0, z: 0}
        - {x: 0, y: 0, z: 0}
        - {x: 0, y: 0, z: 0}
        - {x: 0, y: 0, z: 0}
        - {x: 0, y: 0, z: 0}
        - {x: 0, y: 0, z: 0}
        - {x: 0, y: 0, z: 0}
        - {x: 0, y: 0, z: 0}
        - {x: 0, y: 0, z: 0}
        - {x: 0, y: 0, z: 0}
        - {x: 0, y: 0, z: 0}
        - {x: 0, y: 0, z: 0}
        - {x: 0, y: 0, z: 0}
        - {x: 0, y: 0, z: 0}
        - {x: 0, y: 0, z: 0}
        - {x: 0, y: 0, z: 0}
        - {x: 0, y: 0, z: 0}
        - {x: 0, y: 0, z: 0}
        - {x: 0, y: 0, z: 0}
        - {x: 0, y: 0, z: 0}
        - {x: 0, y: 0, z: 0}
        - {x: 0, y: 0, z: 0}
        - {x: 0, y: 0, z: 0}
        - {x: 0, y: 0, z: 0}
        - {x: 0, y: 0, z: 0}
        - {x: 0, y: 0, z: 0}
        - {x: 0, y: 0, z: 0}
        - {x: 0, y: 0, z: 0}
        - {x: 0, y: 0, z: 0}
        - {x: 0, y: 0, z: 0}
        - {x: 0, y: 0, z: 0}
        - {x: 0, y: 0, z: 0}
        - {x: 0, y: 0, z: 0}
        - {x: 0, y: 0, z: 0}
        - {x: 0, y: 0, z: 0}
        - {x: 0, y: 0, z: 0}
        - {x: 0, y: 0, z: 0}
        - {x: 0, y: 0, z: 0}
        - {x: 0, y: 0, z: 0}
        - {x: 0, y: 0, z: 0}
        - {x: 0, y: 0, z: 0}
        - {x: 0, y: 0, z: 0}
        - {x: 0, y: 0, z: 0}
        - {x: 0, y: 0, z: 0}
        - {x: 0, y: 0, z: 0}
        - {x: 0, y: 0, z: 0}
        - {x: 0, y: 0, z: 0}
        - {x: 0, y: 0, z: 0}
        m_AlignBytes: 16
      plasticity:
        serializedContents:
        - {x: 0, y: 0}
        - {x: 0, y: 0}
        - {x: 0, y: 0}
        - {x: 0, y: 0}
        - {x: 0, y: 0}
        - {x: 0, y: 0}
        - {x: 0, y: 0}
        - {x: 0, y: 0}
        - {x: 0, y: 0}
        - {x: 0, y: 0}
        - {x: 0, y: 0}
        - {x: 0, y: 0}
        - {x: 0, y: 0}
        - {x: 0, y: 0}
        - {x: 0, y: 0}
        - {x: 0, y: 0}
        - {x: 0, y: 0}
        - {x: 0, y: 0}
        - {x: 0, y: 0}
        - {x: 0, y: 0}
        - {x: 0, y: 0}
        - {x: 0, y: 0}
        - {x: 0, y: 0}
        - {x: 0, y: 0}
        - {x: 0, y: 0}
        - {x: 0, y: 0}
        - {x: 0, y: 0}
        - {x: 0, y: 0}
        - {x: 0, y: 0}
        - {x: 0, y: 0}
        - {x: 0, y: 0}
        - {x: 0, y: 0}
        - {x: 0, y: 0}
        - {x: 0, y: 0}
        - {x: 0, y: 0}
        - {x: 0, y: 0}
        - {x: 0, y: 0}
        - {x: 0, y: 0}
        - {x: 0, y: 0}
        - {x: 0, y: 0}
        - {x: 0, y: 0}
        - {x: 0, y: 0}
        - {x: 0, y: 0}
        - {x: 0, y: 0}
        - {x: 0, y: 0}
        - {x: 0, y: 0}
        - {x: 0, y: 0}
        - {x: 0, y: 0}
        - {x: 0, y: 0}
        - {x: 0, y: 0}
        - {x: 0, y: 0}
        - {x: 0, y: 0}
        - {x: 0, y: 0}
        m_AlignBytes: 16
  shapeMatchingConstraintsData:
    batches: []
  aerodynamicConstraintsData:
    batches: []
  chainConstraintsData:
    batches:
    - m_IDs: 00000000
      m_IDToIndex: 00000000
      m_ConstraintCount: 1
      m_ActiveConstraintCount: 1
      m_InitialActiveConstraintCount: 1
      particleIndices:
        serializedContents: 000000000100000002000000030000000400000005000000060000000700000008000000090000000a0000000b0000000c0000000d0000000e0000000f000000100000001100000012000000130000001400000015000000160000001700000018000000190000001a0000001b0000001c0000001d0000001e0000001f000000200000002100000022000000230000002400000025000000260000002700000028000000290000002a0000002b0000002c0000002d0000002e0000002f000000300000003100000032000000330000003400000035000000360000003700000038000000390000003a0000003b0000003c0000003d0000003e0000003f000000400000004100000042000000430000004400000045000000460000004700000048000000490000004a0000004b0000004c0000004d0000004e0000004f000000500000005100000052000000530000005400000055000000560000005700000058000000590000005a0000005b0000005c0000005d0000005e0000005f000000600000006100000062000000630000006400000065000000660000006700000068000000690000006a000000
        m_AlignBytes: 16
      lambdas:
        serializedContents: []
        m_AlignBytes: 16
      firstParticle:
        serializedContents: 00000000
        m_AlignBytes: 16
      numParticles:
        serializedContents: 6b000000
        m_AlignBytes: 16
      lengths:
        serializedContents:
        - {x: 0.09656374, y: 0.09656374}
        m_AlignBytes: 16
  volumeConstraintsData:
    batches: []
  groups:
  - {fileID: -6471304132749453970}
  - {fileID: 573059894092214435}
  - {fileID: -5682304271915852809}
  - {fileID: 2833863349646557074}
  - {fileID: 2361626251358814572}
  - {fileID: -8419124773465016327}
  - {fileID: -2474174953313966140}
  - {fileID: 754924301110187833}
  path:
    m_Names:
    - static-end
    - static
    - static
    - control point
    - control point
    - control point
    - control point
    - dynamic
    m_Points:
      data:
      - tangentMode: 0
        inTangent: {x: -0.25, y: -0, z: -0}
        position: {x: 3.8182955, y: -0.14214906, z: 3.6577973}
        outTangent: {x: 0.0128080845, y: 0, z: 0}
      - tangentMode: 1
        inTangent: {x: -0.015685558, y: 0.10848981, z: -0.001439333}
        position: {x: 3.9811835, y: -0.21784154, z: 3.6604035}
        outTangent: {x: 0.015685558, y: -0.10848981, z: 0.001439333}
      - tangentMode: 1
        inTangent: {x: -0.10205722, y: 0.07089287, z: 0.0036382675}
        position: {x: 4.0653276, y: -1.0234618, z: 3.6634998}
        outTangent: {x: 0.10205722, y: -0.07089287, z: -0.0036382675}
      - tangentMode: 1
        inTangent: {x: -0.16127205, y: 0, z: 0.06860256}
        position: {x: 4.7635536, y: -1.090457, z: 3.5668435}
        outTangent: {x: 0.16127205, y: -0, z: -0.06860256}
      - tangentMode: 1
        inTangent: {x: 0, y: 0, z: 0.042759515}
        position: {x: 4.771288, y: -1.090457, z: -1.422467}
        outTangent: {x: -0, y: -0, z: -0.042759515}
      - tangentMode: 1
        inTangent: {x: -0.16166687, y: -0, z: 0.23285294}
        position: {x: 4.833103, y: -1.0701782, z: -3.2409174}
        outTangent: {x: 0.16166687, y: 0, z: -0.23285294}
      - tangentMode: 1
        inTangent: {x: -0.08709049, y: -0.16590053, z: -0.0041007996}
        position: {x: 5.2076664, y: -0.9572648, z: -3.313072}
        outTangent: {x: 0.08709049, y: 0.16590053, z: 0.0041007996}
      - tangentMode: 0
        inTangent: {x: -0.0010118484, y: -0.17438293, z: -0.0023417473}
        position: {x: 5.2933617, y: 0.22201276, z: -3.335128}
        outTangent: {x: 0.0014504577, y: 0.24997325, z: 0.003356832}
    m_Normals:
      data:
      - {x: 0, y: 1, z: 0}
      - {x: 0.96547616, y: 0.26049134, z: 0}
      - {x: 0.7943134, y: 0.6075084, z: 0}
      - {x: 0, y: 1.0000001, z: 0}
      - {x: 0, y: 1, z: 0}
      - {x: 0, y: 1, z: 0}
      - {x: 0, y: 1, z: 0}
      - {x: -0.9997827, y: -0.020842716, z: 0}
    m_Colors:
      data:
      - {r: 1, g: 1, b: 1, a: 1}
      - {r: 0.99999994, g: 0.99999994, b: 0.99999994, a: 0.99999994}
      - {r: 1, g: 1, b: 1, a: 1}
      - {r: 1.0000001, g: 1.0000001, b: 1.0000001, a: 1.0000001}
      - {r: 1, g: 1, b: 1, a: 1}
      - {r: 1, g: 1, b: 1, a: 1}
      - {r: 1, g: 1, b: 1, a: 1}
      - {r: 1, g: 1, b: 1, a: 1}
    m_Thickness:
      data:
      - 1
      - 0.99999994
      - 1
      - 1.0000001
      - 1
      - 1
      - 1
      - 1
    m_Masses:
      data:
      - 0.1
      - 0.099999994
      - 0.1
      - 0.10000001
      - 0.1
      - 0.1
      - 0.1
      - 0.1
    m_RotationalMasses:
      data:
      - 0.01
      - 0.009999999
      - 0.01
      - 0.010000001
      - 0.01
      - 0.01
      - 0.01
      - 0.01
    m_Filters:
      data: 0200ffff0200ffff0200ffff0200ffff0200ffff0200ffff0200ffff0200ffff
    m_Closed: 0
    m_ArcLengthTable:
    - 0
    - 0.0026400448
    - 0.0068045156
    - 0.012329273
    - 0.019045144
    - 0.026784675
    - 0.035384383
    - 0.044686448
    - 0.054540604
    - 0.06480648
    - 0.07535672
    - 0.08608107
    - 0.096891776
    - 0.10773058
    - 0.1185773
    - 0.12945946
    - 0.14046152
    - 0.1517309
    - 0.16347724
    - 0.17596312
    - 0.18948722
    - 0.20436524
    - 0.22337292
    - 0.24866664
    - 0.27959046
    - 0.3154637
    - 0.35559693
    - 0.39929727
    - 0.44587064
    - 0.49462312
    - 0.5448619
    - 0.59589624
    - 0.6470383
    - 0.6976046
    - 0.7469182
    - 0.79431134
    - 0.8391305
    - 0.8807445
    - 0.91855955
    - 0.95204777
    - 0.98080856
    - 1.0047089
    - 1.0242229
    - 1.0435982
    - 1.0662652
    - 1.0921469
    - 1.1210339
    - 1.1526479
    - 1.1866713
    - 1.2227638
    - 1.2605705
    - 1.2997278
    - 1.3398659
    - 1.3806117
    - 1.4215895
    - 1.4624234
    - 1.5027378
    - 1.5421584
    - 1.5803143
    - 1.6168398
    - 1.651377
    - 1.6835808
    - 1.7131262
    - 1.739722
    - 1.787292
    - 1.889446
    - 2.0436335
    - 2.2441695
    - 2.4849935
    - 2.7599401
    - 3.0628023
    - 3.3873541
    - 3.7273593
    - 4.0765753
    - 4.4287558
    - 4.777652
    - 5.117013
    - 5.4405875
    - 5.742123
    - 6.0153666
    - 6.2540646
    - 6.4519625
    - 6.6028066
    - 6.700342
    - 6.738315
    - 6.7543387
    - 6.7889843
    - 6.8404226
    - 6.906824
    - 6.9863586
    - 7.0771976
    - 7.177513
    - 7.2854795
    - 7.399273
    - 7.5170717
    - 7.6370587
    - 7.757421
    - 7.876353
    - 7.992058
    - 8.102755
    - 8.206684
    - 8.302123
    - 8.387415
    - 8.461025
    - 8.521685
    - 8.568792
    - 8.607052
    - 8.641159
    - 8.671606
    - 8.698897
    - 8.723546
    - 8.746065
    - 8.766948
    - 8.78665
    - 8.805568
    - 8.824029
    - 8.842286
    - 8.860527
    - 8.878895
    - 8.897508
    - 8.916481
    - 8.935951
    - 8.956094
    - 8.977137
    - 8.999364
    - 9.023118
    - 9.048792
    - 9.079348
    - 9.11732
    - 9.162214
    - 9.21335
    - 9.269969
    - 9.331268
    - 9.396424
    - 9.464599
    - 9.5349455
    - 9.606612
    - 9.678741
    - 9.750474
    - 9.82095
    - 9.889304
    - 9.954674
    - 10.016194
    - 10.073
    - 10.124225
    - 10.169003
    - 10.206468
    - 10.235757
    m_TotalSplineLenght: 10.235757
    OnPathChanged:
      m_PersistentCalls:
        m_Calls: []
    OnControlPointAdded:
      m_PersistentCalls:
        m_Calls: []
    OnControlPointRemoved:
      m_PersistentCalls:
        m_Calls: []
    OnControlPointRenamed:
      m_PersistentCalls:
        m_Calls: []
  thickness: 0.1
  resolution: 1
  m_InterParticleDistance: 0.09656374
  totalParticles: 107
  m_RestLength: 10.223388
  restLengths:
  - 0.06796281
  - 0.06712904
  - 0.0664224
  - 0.0904823
  - 0.09133704
  - 0.09121886
  - 0.09124155
  - 0.091232166
  - 0.09109388
  - 0.09111047
  - 0.09148269
  - 0.08896597
  - 0.08869123
  - 0.08943677
  - 0.08957866
  - 0.08951482
  - 0.089493334
  - 0.0895538
  - 0.089274526
  - 0.089312725
  - 0.091230534
  - 0.10131645
  - 0.1048094
  - 0.09516767
  - 0.10491232
  - 0.09596791
  - 0.10164833
  - 0.100257285
  - 0.09868338
  - 0.102734335
  - 0.09856486
  - 0.09944803
  - 0.10208806
  - 0.09910517
  - 0.099401526
  - 0.10113758
  - 0.100253075
  - 0.099279456
  - 0.10037264
  - 0.10099387
  - 0.0993848
  - 0.09997254
  - 0.10041859
  - 0.100187756
  - 0.100020476
  - 0.100023754
  - 0.099985965
  - 0.100546025
  - 0.100112535
  - 0.09953558
  - 0.10050488
  - 0.1006544
  - 0.09957437
  - 0.09936167
  - 0.101598695
  - 0.099865556
  - 0.09794968
  - 0.102630794
  - 0.100123
  - 0.09725054
  - 0.103373155
  - 0.09964174
  - 0.09836399
  - 0.103066735
  - 0.09644247
  - 0.10414468
  - 0.09604936
  - 0.10469916
  - 0.10031693
  - 0.093469515
  - 0.09556159
  - 0.095813245
  - 0.096356176
  - 0.09656261
  - 0.096596256
  - 0.096653186
  - 0.096672796
  - 0.096418604
  - 0.09632123
  - 0.09651831
  - 0.09652413
  - 0.0963454
  - 0.09610771
  - 0.096685275
  - 0.09664429
  - 0.096510775
  - 0.09611994
  - 0.09667848
  - 0.09489767
  - 0.09608829
  - 0.09498506
  - 0.094340436
  - 0.09497557
  - 0.09518837
  - 0.09791481
  - 0.09899496
  - 0.09922179
  - 0.09894771
  - 0.09912473
  - 0.09896073
  - 0.09897121
  - 0.09911078
  - 0.098980695
  - 0.099198885
  - 0.09899845
  - 0.09822201
  - 0
  keepInitialShape: 1
--- !u!114 &573059894092214435
MonoBehaviour:
  m_ObjectHideFlags: 0
  m_CorrespondingSourceObject: {fileID: 0}
  m_PrefabInstance: {fileID: 0}
  m_PrefabAsset: {fileID: 0}
  m_GameObject: {fileID: 0}
  m_Enabled: 1
  m_EditorHideFlags: 0
  m_Script: {fileID: 11500000, guid: 775ad4994fda946d1a5936c7e2dfc785, type: 3}
  m_Name: static
  m_EditorClassIdentifier: 
  particleIndices: 03000000
  m_Blueprint: {fileID: 11400000}
--- !u!114 &754924301110187833
MonoBehaviour:
  m_ObjectHideFlags: 0
  m_CorrespondingSourceObject: {fileID: 0}
  m_PrefabInstance: {fileID: 0}
  m_PrefabAsset: {fileID: 0}
  m_GameObject: {fileID: 0}
  m_Enabled: 1
  m_EditorHideFlags: 0
  m_Script: {fileID: 11500000, guid: 775ad4994fda946d1a5936c7e2dfc785, type: 3}
  m_Name: dynamic
  m_EditorClassIdentifier: 
  particleIndices: 6a000000
  m_Blueprint: {fileID: 11400000}
--- !u!114 &2361626251358814572
MonoBehaviour:
  m_ObjectHideFlags: 0
  m_CorrespondingSourceObject: {fileID: 0}
  m_PrefabInstance: {fileID: 0}
  m_PrefabAsset: {fileID: 0}
  m_GameObject: {fileID: 0}
  m_Enabled: 1
  m_EditorHideFlags: 0
  m_Script: {fileID: 11500000, guid: 775ad4994fda946d1a5936c7e2dfc785, type: 3}
  m_Name: control point
  m_EditorClassIdentifier: 
  particleIndices: 46000000
  m_Blueprint: {fileID: 11400000}
--- !u!114 &2833863349646557074
MonoBehaviour:
  m_ObjectHideFlags: 0
  m_CorrespondingSourceObject: {fileID: 0}
  m_PrefabInstance: {fileID: 0}
  m_PrefabAsset: {fileID: 0}
  m_GameObject: {fileID: 0}
  m_Enabled: 1
  m_EditorHideFlags: 0
  m_Script: {fileID: 11500000, guid: 775ad4994fda946d1a5936c7e2dfc785, type: 3}
  m_Name: control point
  m_EditorClassIdentifier: 
  particleIndices: 14000000
  m_Blueprint: {fileID: 11400000}
