%YAML 1.1
%TAG !u! tag:unity3d.com,2011:
--- !u!1 &1207628433429528491
GameObject:
  m_ObjectHideFlags: 0
  m_CorrespondingSourceObject: {fileID: 0}
  m_PrefabInstance: {fileID: 0}
  m_PrefabAsset: {fileID: 0}
  serializedVersion: 6
  m_Component:
  - component: {fileID: 1750914508817854763}
  m_Layer: 0
  m_Name: pipe_valve_body
  m_TagString: Untagged
  m_Icon: {fileID: 0}
  m_NavMeshLayer: 0
  m_StaticEditorFlags: 0
  m_IsActive: 0
--- !u!4 &1750914508817854763
Transform:
  m_ObjectHideFlags: 0
  m_CorrespondingSourceObject: {fileID: 0}
  m_PrefabInstance: {fileID: 0}
  m_PrefabAsset: {fileID: 0}
  m_GameObject: {fileID: 1207628433429528491}
  m_LocalRotation: {x: -0.00000011920929, y: 0, z: -0, w: 1}
  m_LocalPosition: {x: -0, y: 0, z: 0}
  m_LocalScale: {x: 1, y: 1, z: 1}
  m_Children:
  - {fileID: 4596341226537742814}
  - {fileID: 604055523927708465}
  m_Father: {fileID: 8576954678959397903}
  m_RootOrder: 0
  m_LocalEulerAnglesHint: {x: 0, y: 0, z: 0}
--- !u!1 &2160560608434939556
GameObject:
  m_ObjectHideFlags: 0
  m_CorrespondingSourceObject: {fileID: 0}
  m_PrefabInstance: {fileID: 0}
  m_PrefabAsset: {fileID: 0}
  serializedVersion: 6
  m_Component:
  - component: {fileID: 2160560608434939579}
  - component: {fileID: 2160560608434939583}
  - component: {fileID: 2160560608434939576}
  - component: {fileID: 2160560608434939577}
  - component: {fileID: 2160560608434939578}
  m_Layer: 0
  m_Name: Collider
  m_TagString: Untagged
  m_Icon: {fileID: 0}
  m_NavMeshLayer: 0
  m_StaticEditorFlags: 0
  m_IsActive: 1
--- !u!4 &2160560608434939579
Transform:
  m_ObjectHideFlags: 0
  m_CorrespondingSourceObject: {fileID: 0}
  m_PrefabInstance: {fileID: 0}
  m_PrefabAsset: {fileID: 0}
  m_GameObject: {fileID: 2160560608434939556}
  m_LocalRotation: {x: 0, y: 0, z: 0, w: 1}
  m_LocalPosition: {x: -0, y: 0.0213, z: 0}
  m_LocalScale: {x: 0.07683823, y: 0.02977251, z: 0.07683823}
  m_Children: []
  m_Father: {fileID: 79590828901006287}
  m_RootOrder: 0
  m_LocalEulerAnglesHint: {x: 0, y: 0, z: 0}
--- !u!33 &2160560608434939583
MeshFilter:
  m_ObjectHideFlags: 0
  m_CorrespondingSourceObject: {fileID: 0}
  m_PrefabInstance: {fileID: 0}
  m_PrefabAsset: {fileID: 0}
  m_GameObject: {fileID: 2160560608434939556}
  m_Mesh: {fileID: 10206, guid: 0000000000000000e000000000000000, type: 0}
--- !u!23 &2160560608434939576
MeshRenderer:
  m_ObjectHideFlags: 0
  m_CorrespondingSourceObject: {fileID: 0}
  m_PrefabInstance: {fileID: 0}
  m_PrefabAsset: {fileID: 0}
  m_GameObject: {fileID: 2160560608434939556}
  m_Enabled: 0
  m_CastShadows: 1
  m_ReceiveShadows: 1
  m_DynamicOccludee: 1
  m_MotionVectors: 1
  m_LightProbeUsage: 1
  m_ReflectionProbeUsage: 1
  m_RayTracingMode: 2
  m_RayTraceProcedural: 0
  m_RenderingLayerMask: 1
  m_RendererPriority: 0
  m_Materials:
  - {fileID: 2100000, guid: 31321ba15b8f8eb4c954353edc038b1d, type: 2}
  m_StaticBatchInfo:
    firstSubMesh: 0
    subMeshCount: 0
  m_StaticBatchRoot: {fileID: 0}
  m_ProbeAnchor: {fileID: 0}
  m_LightProbeVolumeOverride: {fileID: 0}
  m_ScaleInLightmap: 1
  m_ReceiveGI: 1
  m_PreserveUVs: 0
  m_IgnoreNormalsForChartDetection: 0
  m_ImportantGI: 0
  m_StitchLightmapSeams: 1
  m_SelectedEditorRenderState: 3
  m_MinimumChartSize: 4
  m_AutoUVMaxDistance: 0.5
  m_AutoUVMaxAngle: 89
  m_LightmapParameters: {fileID: 0}
  m_SortingLayerID: 0
  m_SortingLayer: 0
  m_SortingOrder: 0
  m_AdditionalVertexStreams: {fileID: 0}
--- !u!64 &2160560608434939577
MeshCollider:
  m_ObjectHideFlags: 0
  m_CorrespondingSourceObject: {fileID: 0}
  m_PrefabInstance: {fileID: 0}
  m_PrefabAsset: {fileID: 0}
  m_GameObject: {fileID: 2160560608434939556}
  m_Material: {fileID: 0}
  m_IsTrigger: 0
  m_Enabled: 1
  serializedVersion: 4
  m_Convex: 1
  m_CookingOptions: 30
  m_Mesh: {fileID: 10206, guid: 0000000000000000e000000000000000, type: 0}
--- !u!114 &2160560608434939578
MonoBehaviour:
  m_ObjectHideFlags: 0
  m_CorrespondingSourceObject: {fileID: 0}
  m_PrefabInstance: {fileID: 0}
  m_PrefabAsset: {fileID: 0}
  m_GameObject: {fileID: 2160560608434939556}
  m_Enabled: 1
  m_EditorHideFlags: 0
  m_Script: {fileID: 11500000, guid: 0c75c5c18c01eee4ab0ab9c8cd3c3000, type: 3}
  m_Name: 
  m_EditorClassIdentifier: 
  ParentGrabbable: {fileID: 6231248294125991724}
--- !u!1 &2160560608960647346
GameObject:
  m_ObjectHideFlags: 0
  m_CorrespondingSourceObject: {fileID: 0}
  m_PrefabInstance: {fileID: 0}
  m_PrefabAsset: {fileID: 0}
  serializedVersion: 6
  m_Component:
  - component: {fileID: 2160560608960647345}
  - component: {fileID: 2160560608960647351}
  - component: {fileID: 2160560608960647344}
  m_Layer: 0
  m_Name: Mesh
  m_TagString: Untagged
  m_Icon: {fileID: 0}
  m_NavMeshLayer: 0
  m_StaticEditorFlags: 0
  m_IsActive: 1
--- !u!4 &2160560608960647345
Transform:
  m_ObjectHideFlags: 0
  m_CorrespondingSourceObject: {fileID: 0}
  m_PrefabInstance: {fileID: 0}
  m_PrefabAsset: {fileID: 0}
  m_GameObject: {fileID: 2160560608960647346}
  m_LocalRotation: {x: 0.00000008940694, y: -0.7071068, z: -0.7071067, w: 0.00000008940695}
  m_LocalPosition: {x: -0.0015102925, y: 0.036372304, z: -0.00056632457}
  m_LocalScale: {x: 1.0628102, y: 1.0628105, z: 1.0628104}
  m_Children: []
  m_Father: {fileID: 79590828901006287}
  m_RootOrder: 1
  m_LocalEulerAnglesHint: {x: -90, y: -180, z: 0}
--- !u!33 &2160560608960647351
MeshFilter:
  m_ObjectHideFlags: 0
  m_CorrespondingSourceObject: {fileID: 0}
  m_PrefabInstance: {fileID: 0}
  m_PrefabAsset: {fileID: 0}
  m_GameObject: {fileID: 2160560608960647346}
  m_Mesh: {fileID: -8465247911207672826, guid: 0e8dd18dc4807624d979d22276edb59b, type: 3}
--- !u!23 &2160560608960647344
MeshRenderer:
  m_ObjectHideFlags: 0
  m_CorrespondingSourceObject: {fileID: 0}
  m_PrefabInstance: {fileID: 0}
  m_PrefabAsset: {fileID: 0}
  m_GameObject: {fileID: 2160560608960647346}
  m_Enabled: 1
  m_CastShadows: 1
  m_ReceiveShadows: 1
  m_DynamicOccludee: 1
  m_MotionVectors: 1
  m_LightProbeUsage: 1
  m_ReflectionProbeUsage: 1
  m_RayTracingMode: 2
  m_RayTraceProcedural: 0
  m_RenderingLayerMask: 1
  m_RendererPriority: 0
  m_Materials:
  - {fileID: 2100000, guid: f0201e6babd3b2f4baa09798d0968e1d, type: 2}
  m_StaticBatchInfo:
    firstSubMesh: 0
    subMeshCount: 0
  m_StaticBatchRoot: {fileID: 0}
  m_ProbeAnchor: {fileID: 0}
  m_LightProbeVolumeOverride: {fileID: 0}
  m_ScaleInLightmap: 1
  m_ReceiveGI: 1
  m_PreserveUVs: 0
  m_IgnoreNormalsForChartDetection: 0
  m_ImportantGI: 0
  m_StitchLightmapSeams: 1
  m_SelectedEditorRenderState: 3
  m_MinimumChartSize: 4
  m_AutoUVMaxDistance: 0.5
  m_AutoUVMaxAngle: 89
  m_LightmapParameters: {fileID: 0}
  m_SortingLayerID: 0
  m_SortingLayer: 0
  m_SortingOrder: 0
  m_AdditionalVertexStreams: {fileID: 0}
--- !u!1 &3227821764442165239
GameObject:
  m_ObjectHideFlags: 0
  m_CorrespondingSourceObject: {fileID: 0}
  m_PrefabInstance: {fileID: 0}
  m_PrefabAsset: {fileID: 0}
  serializedVersion: 6
  m_Component:
  - component: {fileID: 8576954678959397903}
  m_Layer: 0
  m_Name: Valve Axis
  m_TagString: Untagged
  m_Icon: {fileID: 0}
  m_NavMeshLayer: 0
  m_StaticEditorFlags: 0
  m_IsActive: 1
--- !u!4 &8576954678959397903
Transform:
  m_ObjectHideFlags: 0
  m_CorrespondingSourceObject: {fileID: 0}
  m_PrefabInstance: {fileID: 0}
  m_PrefabAsset: {fileID: 0}
  m_GameObject: {fileID: 3227821764442165239}
  m_LocalRotation: {x: 0.00000008146034, y: 0, z: -0, w: 1}
  m_LocalPosition: {x: -0, y: 0, z: 0}
  m_LocalScale: {x: 1, y: 1, z: 1}
  m_Children:
  - {fileID: 1750914508817854763}
  - {fileID: 7834088121981251515}
  m_Father: {fileID: 5025233744012208633}
  m_RootOrder: 0
  m_LocalEulerAnglesHint: {x: 0, y: 0, z: 0}
--- !u!1 &4393403109735148591
GameObject:
  m_ObjectHideFlags: 0
  m_CorrespondingSourceObject: {fileID: 0}
  m_PrefabInstance: {fileID: 0}
  m_PrefabAsset: {fileID: 0}
  serializedVersion: 6
  m_Component:
  - component: {fileID: 604055523927708465}
  - component: {fileID: 599825825553887994}
  - component: {fileID: 6782461331646882730}
  - component: {fileID: 9142912741198900438}
  - component: {fileID: 3550853290481827344}
  - component: {fileID: 4799386178933717492}
  - component: {fileID: 3336825034256777207}
  m_Layer: 0
  m_Name: pipe_valve_body_collision
  m_TagString: Untagged
  m_Icon: {fileID: 0}
  m_NavMeshLayer: 0
  m_StaticEditorFlags: 0
  m_IsActive: 1
--- !u!4 &604055523927708465
Transform:
  m_ObjectHideFlags: 0
  m_CorrespondingSourceObject: {fileID: 0}
  m_PrefabInstance: {fileID: 0}
  m_PrefabAsset: {fileID: 0}
  m_GameObject: {fileID: 4393403109735148591}
  m_LocalRotation: {x: -0.00000011920929, y: 0, z: -0, w: 1}
  m_LocalPosition: {x: -0, y: 0, z: 0}
  m_LocalScale: {x: 1, y: 1, z: 1}
  m_Children: []
  m_Father: {fileID: 1750914508817854763}
  m_RootOrder: 1
  m_LocalEulerAnglesHint: {x: 0, y: 0, z: 0}
--- !u!64 &599825825553887994
MeshCollider:
  m_ObjectHideFlags: 0
  m_CorrespondingSourceObject: {fileID: 0}
  m_PrefabInstance: {fileID: 0}
  m_PrefabAsset: {fileID: 0}
  m_GameObject: {fileID: 4393403109735148591}
  m_Material: {fileID: 0}
  m_IsTrigger: 0
  m_Enabled: 1
  serializedVersion: 4
  m_Convex: 1
  m_CookingOptions: 30
  m_Mesh: {fileID: -3521302388430838793, guid: 51389b74666d0e3488c8f462d0294d62, type: 2}
--- !u!64 &6782461331646882730
MeshCollider:
  m_ObjectHideFlags: 0
  m_CorrespondingSourceObject: {fileID: 0}
  m_PrefabInstance: {fileID: 0}
  m_PrefabAsset: {fileID: 0}
  m_GameObject: {fileID: 4393403109735148591}
  m_Material: {fileID: 0}
  m_IsTrigger: 0
  m_Enabled: 1
  serializedVersion: 4
  m_Convex: 1
  m_CookingOptions: 30
  m_Mesh: {fileID: 3708070653554278333, guid: 51389b74666d0e3488c8f462d0294d62, type: 2}
--- !u!64 &9142912741198900438
MeshCollider:
  m_ObjectHideFlags: 0
  m_CorrespondingSourceObject: {fileID: 0}
  m_PrefabInstance: {fileID: 0}
  m_PrefabAsset: {fileID: 0}
  m_GameObject: {fileID: 4393403109735148591}
  m_Material: {fileID: 0}
  m_IsTrigger: 0
  m_Enabled: 1
  serializedVersion: 4
  m_Convex: 1
  m_CookingOptions: 30
  m_Mesh: {fileID: -4549830670054436436, guid: 51389b74666d0e3488c8f462d0294d62, type: 2}
--- !u!65 &3550853290481827344
BoxCollider:
  m_ObjectHideFlags: 0
  m_CorrespondingSourceObject: {fileID: 0}
  m_PrefabInstance: {fileID: 0}
  m_PrefabAsset: {fileID: 0}
  m_GameObject: {fileID: 4393403109735148591}
  m_Material: {fileID: 0}
  m_IsTrigger: 0
  m_Enabled: 1
  serializedVersion: 2
  m_Size: {x: 0.13089335, y: 0.100543186, z: 0.14006197}
  m_Center: {x: 0.0022117272, y: 0.10987494, z: 0.12719509}
--- !u!65 &4799386178933717492
BoxCollider:
  m_ObjectHideFlags: 0
  m_CorrespondingSourceObject: {fileID: 0}
  m_PrefabInstance: {fileID: 0}
  m_PrefabAsset: {fileID: 0}
  m_GameObject: {fileID: 4393403109735148591}
  m_Material: {fileID: 0}
  m_IsTrigger: 0
  m_Enabled: 1
  serializedVersion: 2
  m_Size: {x: 0.076813415, y: 0.04639843, z: 0.0768134}
  m_Center: {x: 0.0016442332, y: 0.16012931, z: 0.12719509}
--- !u!65 &3336825034256777207
BoxCollider:
  m_ObjectHideFlags: 0
  m_CorrespondingSourceObject: {fileID: 0}
  m_PrefabInstance: {fileID: 0}
  m_PrefabAsset: {fileID: 0}
  m_GameObject: {fileID: 4393403109735148591}
  m_Material: {fileID: 0}
  m_IsTrigger: 0
  m_Enabled: 1
  serializedVersion: 2
  m_Size: {x: 0.04799046, y: 0.015655741, z: 0.0562243}
  m_Center: {x: -0.0024726856, y: 0.19115639, z: 0.12719509}
--- !u!1 &5689990110160302915
GameObject:
  m_ObjectHideFlags: 0
  m_CorrespondingSourceObject: {fileID: 0}
  m_PrefabInstance: {fileID: 0}
  m_PrefabAsset: {fileID: 0}
  serializedVersion: 6
  m_Component:
  - component: {fileID: 5025233744012208633}
  - component: {fileID: 478495616336599577}
  - component: {fileID: 478495616336599576}
  m_Layer: 0
  m_Name: Valve 1 Hand Prefab V2
  m_TagString: Untagged
  m_Icon: {fileID: 0}
  m_NavMeshLayer: 0
  m_StaticEditorFlags: 0
  m_IsActive: 1
--- !u!4 &5025233744012208633
Transform:
  m_ObjectHideFlags: 0
  m_CorrespondingSourceObject: {fileID: 0}
  m_PrefabInstance: {fileID: 0}
  m_PrefabAsset: {fileID: 0}
  m_GameObject: {fileID: 5689990110160302915}
  m_LocalRotation: {x: -0, y: -0, z: 0.7071068, w: 0.7071068}
  m_LocalPosition: {x: -3.8028, y: -0.4099, z: 2.9783}
  m_LocalScale: {x: 1, y: 1, z: 1}
  m_Children:
  - {fileID: 8576954678959397903}
  - {fileID: 79590828901006287}
  - {fileID: 2306059538647587309}
  m_Father: {fileID: 0}
  m_RootOrder: 0
  m_LocalEulerAnglesHint: {x: 0, y: 0, z: 0}
--- !u!114 &478495616336599577
MonoBehaviour:
  m_ObjectHideFlags: 0
  m_CorrespondingSourceObject: {fileID: 0}
  m_PrefabInstance: {fileID: 0}
  m_PrefabAsset: {fileID: 0}
  m_GameObject: {fileID: 5689990110160302915}
  m_Enabled: 1
  m_EditorHideFlags: 0
  m_Script: {fileID: 11500000, guid: c1dc8ab7702da6e4b9e94de6ad864343, type: 3}
  m_Name: 
  m_EditorClassIdentifier: 
  outlineMode: 0
  outlineColor: {r: 1, g: 1, b: 1, a: 1}
  outlineWidth: 2
  precomputeOutline: 0
  bakeKeys: []
  bakeValues: []
  animateOutline: 1
  minWidth: 2
  maxWidth: 5
  interval: 0.3
  grabbbableList: []
--- !u!114 &478495616336599576
MonoBehaviour:
  m_ObjectHideFlags: 0
  m_CorrespondingSourceObject: {fileID: 0}
  m_PrefabInstance: {fileID: 0}
  m_PrefabAsset: {fileID: 0}
  m_GameObject: {fileID: 5689990110160302915}
  m_Enabled: 1
  m_EditorHideFlags: 0
  m_Script: {fileID: 11500000, guid: ede46574dbe257b4bb1380374f8b3db3, type: 3}
  m_Name: 
  m_EditorClassIdentifier: 
  _linearException: 0
  outlineList: []
  _valveMinAngle: 0
  _valveMaxAngle: 0
  valveMinAngle: 0
  valveMaxAngle: 360
  valveStartAngle: 0
  valveEvent: []
  onHandGrabbed:
    m_PersistentCalls:
      m_Calls: []
  onHandReleased:
    m_PersistentCalls:
      m_Calls: []
  onAngleChanged:
    m_PersistentCalls:
      m_Calls: []
  useIndicator: 1
  indicatorPrefab: {fileID: 2306059537972693443}
  indicatorTrans: {fileID: 2306059538647587309}
  valveAngle: 0
  _isLinearLocked: 0
  _isRotationLock: 0
  valveTracker: {fileID: 478495616336599582}
  valveGrabbable: {fileID: 6231248294125991724}
  offset: 2
--- !u!1 &6669287491256674277
GameObject:
  m_ObjectHideFlags: 0
  m_CorrespondingSourceObject: {fileID: 0}
  m_PrefabInstance: {fileID: 0}
  m_PrefabAsset: {fileID: 0}
  serializedVersion: 6
  m_Component:
  - component: {fileID: 4596341226537742814}
  - component: {fileID: 2664714184216787937}
  - component: {fileID: 6975759655893188216}
  m_Layer: 0
  m_Name: pipe_valve_body_LOD0
  m_TagString: Untagged
  m_Icon: {fileID: 0}
  m_NavMeshLayer: 0
  m_StaticEditorFlags: 0
  m_IsActive: 1
--- !u!4 &4596341226537742814
Transform:
  m_ObjectHideFlags: 0
  m_CorrespondingSourceObject: {fileID: 0}
  m_PrefabInstance: {fileID: 0}
  m_PrefabAsset: {fileID: 0}
  m_GameObject: {fileID: 6669287491256674277}
  m_LocalRotation: {x: -0.00000011920929, y: 0, z: -0, w: 1}
  m_LocalPosition: {x: -0, y: 0, z: 0}
  m_LocalScale: {x: 1, y: 1, z: 1}
  m_Children: []
  m_Father: {fileID: 1750914508817854763}
  m_RootOrder: 0
  m_LocalEulerAnglesHint: {x: 0, y: 0, z: 0}
--- !u!33 &2664714184216787937
MeshFilter:
  m_ObjectHideFlags: 0
  m_CorrespondingSourceObject: {fileID: 0}
  m_PrefabInstance: {fileID: 0}
  m_PrefabAsset: {fileID: 0}
  m_GameObject: {fileID: 6669287491256674277}
  m_Mesh: {fileID: -7170662953617309624, guid: b239779c6a26bd8499ee4f72778eee93, type: 3}
--- !u!23 &6975759655893188216
MeshRenderer:
  m_ObjectHideFlags: 0
  m_CorrespondingSourceObject: {fileID: 0}
  m_PrefabInstance: {fileID: 0}
  m_PrefabAsset: {fileID: 0}
  m_GameObject: {fileID: 6669287491256674277}
  m_Enabled: 1
  m_CastShadows: 1
  m_ReceiveShadows: 1
  m_DynamicOccludee: 1
  m_MotionVectors: 1
  m_LightProbeUsage: 1
  m_ReflectionProbeUsage: 1
  m_RayTracingMode: 2
  m_RayTraceProcedural: 0
  m_RenderingLayerMask: 1
  m_RendererPriority: 0
  m_Materials:
  - {fileID: 2100000, guid: 9ad5e77a8f41e3f4ca983365d6e13cb9, type: 2}
  m_StaticBatchInfo:
    firstSubMesh: 0
    subMeshCount: 0
  m_StaticBatchRoot: {fileID: 0}
  m_ProbeAnchor: {fileID: 0}
  m_LightProbeVolumeOverride: {fileID: 0}
  m_ScaleInLightmap: 1
  m_ReceiveGI: 1
  m_PreserveUVs: 0
  m_IgnoreNormalsForChartDetection: 0
  m_ImportantGI: 0
  m_StitchLightmapSeams: 1
  m_SelectedEditorRenderState: 3
  m_MinimumChartSize: 4
  m_AutoUVMaxDistance: 0.5
  m_AutoUVMaxAngle: 89
  m_LightmapParameters: {fileID: 0}
  m_SortingLayerID: 0
  m_SortingLayer: 0
  m_SortingOrder: 0
  m_AdditionalVertexStreams: {fileID: 0}
--- !u!1 &7394560255820522667
GameObject:
  m_ObjectHideFlags: 0
  m_CorrespondingSourceObject: {fileID: 0}
  m_PrefabInstance: {fileID: 0}
  m_PrefabAsset: {fileID: 0}
  serializedVersion: 6
  m_Component:
  - component: {fileID: 79590828901006287}
  - component: {fileID: 6231248294125991724}
  - component: {fileID: 4980361862368663631}
  - component: {fileID: 478495616336599582}
  - component: {fileID: 478495616336599589}
  m_Layer: 0
  m_Name: Valve Handle
  m_TagString: Untagged
  m_Icon: {fileID: 0}
  m_NavMeshLayer: 0
  m_StaticEditorFlags: 0
  m_IsActive: 1
--- !u!4 &79590828901006287
Transform:
  m_ObjectHideFlags: 0
  m_CorrespondingSourceObject: {fileID: 0}
  m_PrefabInstance: {fileID: 0}
  m_PrefabAsset: {fileID: 0}
  m_GameObject: {fileID: 7394560255820522667}
  m_LocalRotation: {x: 0.00000008146034, y: 0, z: -0, w: 1}
  m_LocalPosition: {x: -0, y: 0.23733392, z: 0.1275049}
  m_LocalScale: {x: 1, y: 1, z: 1}
  m_Children:
  - {fileID: 2160560608434939579}
  - {fileID: 2160560608960647345}
  m_Father: {fileID: 5025233744012208633}
  m_RootOrder: 1
  m_LocalEulerAnglesHint: {x: 0, y: 0, z: 0}
--- !u!114 &6231248294125991724
MonoBehaviour:
  m_ObjectHideFlags: 0
  m_CorrespondingSourceObject: {fileID: 0}
  m_PrefabInstance: {fileID: 0}
  m_PrefabAsset: {fileID: 0}
  m_GameObject: {fileID: 7394560255820522667}
  m_Enabled: 1
  m_EditorHideFlags: 0
  m_Script: {fileID: 11500000, guid: 6ebc937e678155e4d86feeb9248cca97, type: 3}
  m_Name: 
  m_EditorClassIdentifier: 
  AllowMultiplayerSwap: 0
  GrabType: 0
  TrackingType: 0
  HoldType: 1
  GrabControl: 0
  OverrideGrabTrigger: 0
  GrabTrigger: 0
  RequireLineOfSight: 1
  EnableInvisibleHand: 0
  PhysicsPoserFallback: 1
  ParentHandModelImmediately: 0
  ParentHandModel: 1
  BreakDistance: 1
  RemainsKinematic: 1
  Stationary: 0
  ReleasedAngularConversionFactor: 1
  ReleasedVelocityFactor: 1
  ReleasedAngularFactor: 1
  GrabIndicator: {fileID: 0}
  ForceGrabIndicator: {fileID: 0}
  ShowGrabIndicator: 1
  ShowTriggerGrabIndicator: 1
  ShowForceGrabIndicator: 1
  LeftForceGrabberGrabPoint: {fileID: 0}
  RightForceGrabberGrabPoint: {fileID: 0}
  UseDefaultHighlighter: 1
  ForceGrabberHighlighter: {fileID: 0}
  ForceGrabbable: 1
  ForcePullOverride: {fileID: 0}
  JointOverride: {fileID: 0}
  OneHandJointSettings: {fileID: 0}
  TwoHandJointSettings: {fileID: 0}
  PullingSettingsOverride: {fileID: 0}
  PalmCenterOfMass: 0
  CanJointBreak: 0
  JointBreakForce: 2000
  JointBreakTorque: 2000
  HandGrabbedClip: {fileID: 0}
  StartingSocket: {fileID: 0}
  LinkStartingSocket: 0
  AutoApplyLayer: 1
  RequireOverlapClearance: 0
  OverlapTimeout: 5
  FinalJointMaxAngle: 3
  FinalJointQuick: 1
  FinalJointTimeout: 2
  CollisionParents: []
  ExtraIgnoreCollisionParents: []
  GrabColliders: []
  ConsiderGrabPointAngle: 1
  UseColliderClosestPoint: 1
  DisableHandCollision: 0
  CollisionDetection: 2
  ShowBoundingBox: 0
  DrawCenterOfMass: 0
  GrabPoints: []
  Deactivated:
    m_PersistentCalls:
      m_Calls: []
  Activated:
    m_PersistentCalls:
      m_Calls: []
  Grabbed:
    m_PersistentCalls:
      m_Calls: []
  Released:
    m_PersistentCalls:
      m_Calls: []
  HoverEnter:
    m_PersistentCalls:
      m_Calls: []
  HoverExit:
    m_PersistentCalls:
      m_Calls: []
  Collided:
    m_PersistentCalls:
      m_Calls: []
  Destroyed:
    m_PersistentCalls:
      m_Calls: []
  HandGrabbed:
    m_PersistentCalls:
      m_Calls: []
  HandReleased:
    m_PersistentCalls:
      m_Calls: []
  HandFullReleased:
    m_PersistentCalls:
      m_Calls: []
  Socketed:
    m_PersistentCalls:
      m_Calls: []
  UnSocketed:
    m_PersistentCalls:
      m_Calls: []
  Grabbers: []
  HandGrabbers: []
  Stabbers: []
  Stabbable: {fileID: 0}
  linearLock: 0
--- !u!54 &4980361862368663631
Rigidbody:
  m_ObjectHideFlags: 0
  m_CorrespondingSourceObject: {fileID: 0}
  m_PrefabInstance: {fileID: 0}
  m_PrefabAsset: {fileID: 0}
  m_GameObject: {fileID: 7394560255820522667}
  serializedVersion: 2
  m_Mass: 1
  m_Drag: 0
  m_AngularDrag: 0.05
  m_UseGravity: 0
  m_IsKinematic: 1
  m_Interpolate: 0
  m_Constraints: 0
  m_CollisionDetection: 3
--- !u!114 &478495616336599582
MonoBehaviour:
  m_ObjectHideFlags: 0
  m_CorrespondingSourceObject: {fileID: 0}
  m_PrefabInstance: {fileID: 0}
  m_PrefabAsset: {fileID: 0}
  m_GameObject: {fileID: 7394560255820522667}
  m_Enabled: 1
  m_EditorHideFlags: 0
  m_Script: {fileID: 11500000, guid: 8d21581a73c61374ba2b7fda66f4f0e0, type: 3}
  m_Name: 
  m_EditorClassIdentifier: 
  DialStepChanged:
    m_PersistentCalls:
      m_Calls: []
  DialTurned:
    m_PersistentCalls:
      m_Calls: []
  RotationTarget: {fileID: 8576954678959397903}
  startAngle: 0
  Steps: 0
  StepSize: 0
  SnapTarget: 0
  ClampMaxAngle: 1
  MaximumAngle: 360
  AudioClip: {fileID: 0}
  Deadzone: 2
  LocalRotationAxis: {x: 0, y: 1, z: 0}
  LocalAxisStart: {x: 0, y: 0, z: 1}
  DiscardAngle: 0
  loop: 0
  totalLoop: 0
  extendedAngle: 0
  loopProgress: 0
  previousLoopProgress: 0
  currentAngle: 0
  isInit: 0
--- !u!114 &478495616336599589
MonoBehaviour:
  m_ObjectHideFlags: 0
  m_CorrespondingSourceObject: {fileID: 0}
  m_PrefabInstance: {fileID: 0}
  m_PrefabAsset: {fileID: 0}
  m_GameObject: {fileID: 7394560255820522667}
  m_Enabled: 1
  m_EditorHideFlags: 0
  m_Script: {fileID: 11500000, guid: 7cfb1c61083f2864f8ad5a80b2b8a77b, type: 3}
  m_Name: 
  m_EditorClassIdentifier: 
  Tracker: {fileID: 478495616336599582}
  SFX:
  - {fileID: 8300000, guid: f31355f1524700e4eb4a5be703d3edea, type: 3}
  - {fileID: 8300000, guid: cc792fb70abf6374680c0a2c76d9468b, type: 3}
  - {fileID: 8300000, guid: df1f32a7aab3f5346ba6a12e3f23b8db, type: 3}
  AngleThreshold: 60
  AngleAccumulated: 0
--- !u!1 &7834088121402342602
GameObject:
  m_ObjectHideFlags: 0
  m_CorrespondingSourceObject: {fileID: 0}
  m_PrefabInstance: {fileID: 0}
  m_PrefabAsset: {fileID: 0}
  serializedVersion: 6
  m_Component:
  - component: {fileID: 7834088121402342605}
  - component: {fileID: 7834088121402342606}
  - component: {fileID: 7834088121402342607}
  - component: {fileID: 7834088121402342604}
  m_Layer: 0
  m_Name: Axis
  m_TagString: Untagged
  m_Icon: {fileID: 0}
  m_NavMeshLayer: 0
  m_StaticEditorFlags: 0
  m_IsActive: 1
--- !u!4 &7834088121402342605
Transform:
  m_ObjectHideFlags: 0
  m_CorrespondingSourceObject: {fileID: 0}
  m_PrefabInstance: {fileID: 0}
  m_PrefabAsset: {fileID: 0}
  m_GameObject: {fileID: 7834088121402342602}
  m_LocalRotation: {x: -0, y: -0, z: -0, w: 1}
  m_LocalPosition: {x: 0, y: 0.4779522, z: 0}
  m_LocalScale: {x: 0.2702235, y: 0.2702235, z: 0.2702235}
  m_Children: []
  m_Father: {fileID: 7834088121981251515}
  m_RootOrder: 0
  m_LocalEulerAnglesHint: {x: 0, y: 0, z: 0}
--- !u!33 &7834088121402342606
MeshFilter:
  m_ObjectHideFlags: 0
  m_CorrespondingSourceObject: {fileID: 0}
  m_PrefabInstance: {fileID: 0}
  m_PrefabAsset: {fileID: 0}
  m_GameObject: {fileID: 7834088121402342602}
  m_Mesh: {fileID: 10202, guid: 0000000000000000e000000000000000, type: 0}
--- !u!23 &7834088121402342607
MeshRenderer:
  m_ObjectHideFlags: 0
  m_CorrespondingSourceObject: {fileID: 0}
  m_PrefabInstance: {fileID: 0}
  m_PrefabAsset: {fileID: 0}
  m_GameObject: {fileID: 7834088121402342602}
  m_Enabled: 1
  m_CastShadows: 1
  m_ReceiveShadows: 1
  m_DynamicOccludee: 1
  m_MotionVectors: 1
  m_LightProbeUsage: 1
  m_ReflectionProbeUsage: 1
  m_RayTracingMode: 2
  m_RayTraceProcedural: 0
  m_RenderingLayerMask: 1
  m_RendererPriority: 0
  m_Materials:
  - {fileID: 2100000, guid: 31321ba15b8f8eb4c954353edc038b1d, type: 2}
  m_StaticBatchInfo:
    firstSubMesh: 0
    subMeshCount: 0
  m_StaticBatchRoot: {fileID: 0}
  m_ProbeAnchor: {fileID: 0}
  m_LightProbeVolumeOverride: {fileID: 0}
  m_ScaleInLightmap: 1
  m_ReceiveGI: 1
  m_PreserveUVs: 0
  m_IgnoreNormalsForChartDetection: 0
  m_ImportantGI: 0
  m_StitchLightmapSeams: 1
  m_SelectedEditorRenderState: 3
  m_MinimumChartSize: 4
  m_AutoUVMaxDistance: 0.5
  m_AutoUVMaxAngle: 89
  m_LightmapParameters: {fileID: 0}
  m_SortingLayerID: 0
  m_SortingLayer: 0
  m_SortingOrder: 0
  m_AdditionalVertexStreams: {fileID: 0}
--- !u!65 &7834088121402342604
BoxCollider:
  m_ObjectHideFlags: 0
  m_CorrespondingSourceObject: {fileID: 0}
  m_PrefabInstance: {fileID: 0}
  m_PrefabAsset: {fileID: 0}
  m_GameObject: {fileID: 7834088121402342602}
  m_Material: {fileID: 0}
  m_IsTrigger: 0
  m_Enabled: 1
  serializedVersion: 2
  m_Size: {x: 1, y: 1, z: 1}
  m_Center: {x: 0, y: 0, z: 0}
--- !u!1 &7834088121981251512
GameObject:
  m_ObjectHideFlags: 0
  m_CorrespondingSourceObject: {fileID: 0}
  m_PrefabInstance: {fileID: 0}
  m_PrefabAsset: {fileID: 0}
  serializedVersion: 6
  m_Component:
  - component: {fileID: 7834088121981251515}
  - component: {fileID: 7834088121981251516}
  - component: {fileID: 7834088121981251517}
  - component: {fileID: 7834088121981251514}
  m_Layer: 0
  m_Name: Axis Mesh
  m_TagString: Untagged
  m_Icon: {fileID: 0}
  m_NavMeshLayer: 0
  m_StaticEditorFlags: 0
  m_IsActive: 0
--- !u!4 &7834088121981251515
Transform:
  m_ObjectHideFlags: 0
  m_CorrespondingSourceObject: {fileID: 0}
  m_PrefabInstance: {fileID: 0}
  m_PrefabAsset: {fileID: 0}
  m_GameObject: {fileID: 7834088121981251512}
  m_LocalRotation: {x: -0.00000008146034, y: -0, z: -0, w: 1}
  m_LocalPosition: {x: 0, y: 0.1122339, z: 0.12750487}
  m_LocalScale: {x: 0.13516, y: 0.13516, z: 0.13516}
  m_Children:
  - {fileID: 7834088121402342605}
  m_Father: {fileID: 8576954678959397903}
  m_RootOrder: 1
  m_LocalEulerAnglesHint: {x: 0, y: 0, z: 0}
--- !u!33 &7834088121981251516
MeshFilter:
  m_ObjectHideFlags: 0
  m_CorrespondingSourceObject: {fileID: 0}
  m_PrefabInstance: {fileID: 0}
  m_PrefabAsset: {fileID: 0}
  m_GameObject: {fileID: 7834088121981251512}
  m_Mesh: {fileID: 10202, guid: 0000000000000000e000000000000000, type: 0}
--- !u!23 &7834088121981251517
MeshRenderer:
  m_ObjectHideFlags: 0
  m_CorrespondingSourceObject: {fileID: 0}
  m_PrefabInstance: {fileID: 0}
  m_PrefabAsset: {fileID: 0}
  m_GameObject: {fileID: 7834088121981251512}
  m_Enabled: 1
  m_CastShadows: 1
  m_ReceiveShadows: 1
  m_DynamicOccludee: 1
  m_MotionVectors: 1
  m_LightProbeUsage: 1
  m_ReflectionProbeUsage: 1
  m_RayTracingMode: 2
  m_RayTraceProcedural: 0
  m_RenderingLayerMask: 1
  m_RendererPriority: 0
  m_Materials:
  - {fileID: 2100000, guid: 31321ba15b8f8eb4c954353edc038b1d, type: 2}
  m_StaticBatchInfo:
    firstSubMesh: 0
    subMeshCount: 0
  m_StaticBatchRoot: {fileID: 0}
  m_ProbeAnchor: {fileID: 0}
  m_LightProbeVolumeOverride: {fileID: 0}
  m_ScaleInLightmap: 1
  m_ReceiveGI: 1
  m_PreserveUVs: 0
  m_IgnoreNormalsForChartDetection: 0
  m_ImportantGI: 0
  m_StitchLightmapSeams: 1
  m_SelectedEditorRenderState: 3
  m_MinimumChartSize: 4
  m_AutoUVMaxDistance: 0.5
  m_AutoUVMaxAngle: 89
  m_LightmapParameters: {fileID: 0}
  m_SortingLayerID: 0
  m_SortingLayer: 0
  m_SortingOrder: 0
  m_AdditionalVertexStreams: {fileID: 0}
--- !u!65 &7834088121981251514
BoxCollider:
  m_ObjectHideFlags: 0
  m_CorrespondingSourceObject: {fileID: 0}
  m_PrefabInstance: {fileID: 0}
  m_PrefabAsset: {fileID: 0}
  m_GameObject: {fileID: 7834088121981251512}
  m_Material: {fileID: 0}
  m_IsTrigger: 0
  m_Enabled: 1
  serializedVersion: 2
  m_Size: {x: 1, y: 1, z: 1}
  m_Center: {x: 0, y: 0, z: 0}
--- !u!1001 &6342299259567583201
PrefabInstance:
  m_ObjectHideFlags: 0
  serializedVersion: 2
  m_Modification:
    m_TransformParent: {fileID: 5025233744012208633}
    m_Modifications:
    - target: {fileID: 8648208141343706304, guid: 0f286f76fc1240942b9b281e9f807b55, type: 3}
      propertyPath: m_AnchorMax.y
      value: 0
      objectReference: {fileID: 0}
    - target: {fileID: 8648208141343706304, guid: 0f286f76fc1240942b9b281e9f807b55, type: 3}
      propertyPath: m_AnchorMin.y
      value: 0
      objectReference: {fileID: 0}
    - target: {fileID: 8648208141343706304, guid: 0f286f76fc1240942b9b281e9f807b55, type: 3}
      propertyPath: m_AnchoredPosition.x
      value: 0
      objectReference: {fileID: 0}
    - target: {fileID: 8648208141343706304, guid: 0f286f76fc1240942b9b281e9f807b55, type: 3}
      propertyPath: m_AnchoredPosition.y
      value: 0
      objectReference: {fileID: 0}
    - target: {fileID: 8648208141620119916, guid: 0f286f76fc1240942b9b281e9f807b55, type: 3}
      propertyPath: m_AnchorMax.y
      value: 0
      objectReference: {fileID: 0}
    - target: {fileID: 8648208141620119916, guid: 0f286f76fc1240942b9b281e9f807b55, type: 3}
      propertyPath: m_AnchorMin.y
      value: 0
      objectReference: {fileID: 0}
    - target: {fileID: 8648208141620119916, guid: 0f286f76fc1240942b9b281e9f807b55, type: 3}
      propertyPath: m_AnchoredPosition.x
      value: 0
      objectReference: {fileID: 0}
    - target: {fileID: 8648208141620119916, guid: 0f286f76fc1240942b9b281e9f807b55, type: 3}
      propertyPath: m_AnchoredPosition.y
      value: 0
      objectReference: {fileID: 0}
    - target: {fileID: 8648208142921639457, guid: 0f286f76fc1240942b9b281e9f807b55, type: 3}
      propertyPath: m_SizeDelta.x
      value: 0
      objectReference: {fileID: 0}
    - target: {fileID: 8648208142921639458, guid: 0f286f76fc1240942b9b281e9f807b55, type: 3}
      propertyPath: m_IsActive
      value: 0
      objectReference: {fileID: 0}
    - target: {fileID: 8648208143320495628, guid: 0f286f76fc1240942b9b281e9f807b55, type: 3}
      propertyPath: m_RootOrder
      value: 2
      objectReference: {fileID: 0}
    - target: {fileID: 8648208143320495628, guid: 0f286f76fc1240942b9b281e9f807b55, type: 3}
      propertyPath: m_LocalScale.x
      value: 0.35429
      objectReference: {fileID: 0}
    - target: {fileID: 8648208143320495628, guid: 0f286f76fc1240942b9b281e9f807b55, type: 3}
      propertyPath: m_LocalScale.y
      value: 0.35429
      objectReference: {fileID: 0}
    - target: {fileID: 8648208143320495628, guid: 0f286f76fc1240942b9b281e9f807b55, type: 3}
      propertyPath: m_LocalScale.z
      value: 0.35429
      objectReference: {fileID: 0}
    - target: {fileID: 8648208143320495628, guid: 0f286f76fc1240942b9b281e9f807b55, type: 3}
      propertyPath: m_LocalPosition.x
      value: 0.094
      objectReference: {fileID: 0}
    - target: {fileID: 8648208143320495628, guid: 0f286f76fc1240942b9b281e9f807b55, type: 3}
      propertyPath: m_LocalPosition.y
      value: 0.28
      objectReference: {fileID: 0}
    - target: {fileID: 8648208143320495628, guid: 0f286f76fc1240942b9b281e9f807b55, type: 3}
      propertyPath: m_LocalPosition.z
      value: 0.121
      objectReference: {fileID: 0}
    - target: {fileID: 8648208143320495628, guid: 0f286f76fc1240942b9b281e9f807b55, type: 3}
      propertyPath: m_LocalRotation.w
      value: 0.7071068
      objectReference: {fileID: 0}
    - target: {fileID: 8648208143320495628, guid: 0f286f76fc1240942b9b281e9f807b55, type: 3}
      propertyPath: m_LocalRotation.x
      value: 0.7071068
      objectReference: {fileID: 0}
    - target: {fileID: 8648208143320495628, guid: 0f286f76fc1240942b9b281e9f807b55, type: 3}
      propertyPath: m_LocalRotation.y
      value: -0
      objectReference: {fileID: 0}
    - target: {fileID: 8648208143320495628, guid: 0f286f76fc1240942b9b281e9f807b55, type: 3}
      propertyPath: m_LocalRotation.z
      value: -0
      objectReference: {fileID: 0}
    - target: {fileID: 8648208143320495628, guid: 0f286f76fc1240942b9b281e9f807b55, type: 3}
      propertyPath: m_LocalEulerAnglesHint.x
      value: 0
      objectReference: {fileID: 0}
    - target: {fileID: 8648208143320495628, guid: 0f286f76fc1240942b9b281e9f807b55, type: 3}
      propertyPath: m_LocalEulerAnglesHint.y
      value: 0
      objectReference: {fileID: 0}
    - target: {fileID: 8648208143320495628, guid: 0f286f76fc1240942b9b281e9f807b55, type: 3}
      propertyPath: m_LocalEulerAnglesHint.z
      value: 0
      objectReference: {fileID: 0}
    - target: {fileID: 8648208143320495629, guid: 0f286f76fc1240942b9b281e9f807b55, type: 3}
      propertyPath: m_Name
      value: ValveIndicator
      objectReference: {fileID: 0}
    m_RemovedComponents: []
  m_SourcePrefab: {fileID: 100100000, guid: 0f286f76fc1240942b9b281e9f807b55, type: 3}
--- !u!4 &2306059538647587309 stripped
Transform:
  m_CorrespondingSourceObject: {fileID: 8648208143320495628, guid: 0f286f76fc1240942b9b281e9f807b55, type: 3}
  m_PrefabInstance: {fileID: 6342299259567583201}
  m_PrefabAsset: {fileID: 0}
--- !u!1 &2306059537972693443 stripped
GameObject:
  m_CorrespondingSourceObject: {fileID: 8648208142921639458, guid: 0f286f76fc1240942b9b281e9f807b55, type: 3}
  m_PrefabInstance: {fileID: 6342299259567583201}
  m_PrefabAsset: {fileID: 0}
