%YAML 1.1
%TAG !u! tag:unity3d.com,2011:
--- !u!1 &1966196876969193637
GameObject:
  m_ObjectHideFlags: 0
  m_CorrespondingSourceObject: {fileID: 0}
  m_PrefabInstance: {fileID: 0}
  m_PrefabAsset: {fileID: 0}
  serializedVersion: 6
  m_Component:
  - component: {fileID: 1991465689960645148}
  - component: {fileID: 4165300526264860486}
  - component: {fileID: 700377410296030658}
  m_Layer: 5
  m_Name: Text (TMP)
  m_TagString: Untagged
  m_Icon: {fileID: 0}
  m_NavMeshLayer: 0
  m_StaticEditorFlags: 0
  m_IsActive: 1
--- !u!224 &1991465689960645148
RectTransform:
  m_ObjectHideFlags: 0
  m_CorrespondingSourceObject: {fileID: 0}
  m_PrefabInstance: {fileID: 0}
  m_PrefabAsset: {fileID: 0}
  m_GameObject: {fileID: 1966196876969193637}
  m_LocalRotation: {x: 0, y: 0, z: 0, w: 1}
  m_LocalPosition: {x: 0, y: 0, z: 0}
  m_LocalScale: {x: 1, y: 1, z: 1}
  m_Children: []
  m_Father: {fileID: 1715521421019928784}
  m_RootOrder: 0
  m_LocalEulerAnglesHint: {x: 0, y: 0, z: 0}
  m_AnchorMin: {x: 0.5, y: 0.5}
  m_AnchorMax: {x: 0.5, y: 0.5}
  m_AnchoredPosition: {x: 0, y: 0}
  m_SizeDelta: {x: 2, y: 0.2}
  m_Pivot: {x: 0.5, y: 0.5}
--- !u!222 &4165300526264860486
CanvasRenderer:
  m_ObjectHideFlags: 0
  m_CorrespondingSourceObject: {fileID: 0}
  m_PrefabInstance: {fileID: 0}
  m_PrefabAsset: {fileID: 0}
  m_GameObject: {fileID: 1966196876969193637}
  m_CullTransparentMesh: 1
--- !u!114 &700377410296030658
MonoBehaviour:
  m_ObjectHideFlags: 0
  m_CorrespondingSourceObject: {fileID: 0}
  m_PrefabInstance: {fileID: 0}
  m_PrefabAsset: {fileID: 0}
  m_GameObject: {fileID: 1966196876969193637}
  m_Enabled: 1
  m_EditorHideFlags: 0
  m_Script: {fileID: 11500000, guid: f4688fdb7df04437aeb418b961361dc5, type: 3}
  m_Name: 
  m_EditorClassIdentifier: 
  m_Material: {fileID: 0}
  m_Color: {r: 1, g: 1, b: 1, a: 1}
  m_RaycastTarget: 1
  m_RaycastPadding: {x: 0, y: 0, z: 0, w: 0}
  m_Maskable: 1
  m_OnCullStateChanged:
    m_PersistentCalls:
      m_Calls: []
  m_text: asdh kjh kgh gjh
  m_isRightToLeft: 0
  m_fontAsset: {fileID: 11400000, guid: 8f586378b4e144a9851e7b34d9b748ee, type: 2}
  m_sharedMaterial: {fileID: 2180264, guid: 8f586378b4e144a9851e7b34d9b748ee, type: 2}
  m_fontSharedMaterials: []
  m_fontMaterial: {fileID: 0}
  m_fontMaterials: []
  m_fontColor32:
    serializedVersion: 2
    rgba: 4294967295
  m_fontColor: {r: 1, g: 1, b: 1, a: 1}
  m_enableVertexGradient: 0
  m_colorMode: 3
  m_fontColorGradient:
    topLeft: {r: 1, g: 1, b: 1, a: 1}
    topRight: {r: 1, g: 1, b: 1, a: 1}
    bottomLeft: {r: 1, g: 1, b: 1, a: 1}
    bottomRight: {r: 1, g: 1, b: 1, a: 1}
  m_fontColorGradientPreset: {fileID: 0}
  m_spriteAsset: {fileID: 0}
  m_tintAllSprites: 0
  m_StyleSheet: {fileID: 0}
  m_TextStyleHashCode: -1183493901
  m_overrideHtmlColors: 0
  m_faceColor:
    serializedVersion: 2
    rgba: 4294967295
  m_fontSize: 0.1
  m_fontSizeBase: 0.1
  m_fontWeight: 400
  m_enableAutoSizing: 0
  m_fontSizeMin: 18
  m_fontSizeMax: 72
  m_fontStyle: 0
  m_HorizontalAlignment: 2
  m_VerticalAlignment: 512
  m_textAlignment: 65535
  m_characterSpacing: 0
  m_wordSpacing: 0
  m_lineSpacing: 0
  m_lineSpacingMax: 0
  m_paragraphSpacing: 0
  m_charWidthMaxAdj: 0
  m_enableWordWrapping: 1
  m_wordWrappingRatios: 0.4
  m_overflowMode: 0
  m_linkedTextComponent: {fileID: 0}
  parentLinkedComponent: {fileID: 0}
  m_enableKerning: 1
  m_enableExtraPadding: 0
  checkPaddingRequired: 0
  m_isRichText: 1
  m_parseCtrlCharacters: 1
  m_isOrthographic: 1
  m_isCullingEnabled: 0
  m_horizontalMapping: 0
  m_verticalMapping: 0
  m_uvLineOffset: 0
  m_geometrySortingOrder: 0
  m_IsTextObjectScaleStatic: 0
  m_VertexBufferAutoSizeReduction: 0
  m_useMaxVisibleDescender: 1
  m_pageToDisplay: 1
  m_margin: {x: 0, y: 0, z: 0, w: 0}
  m_isUsingLegacyAnimationComponent: 0
  m_isVolumetricText: 0
  m_hasFontAssetChanged: 0
  m_baseMaterial: {fileID: 0}
  m_maskOffset: {x: 0, y: 0, z: 0, w: 0}
--- !u!1 &2971800402177297811
GameObject:
  m_ObjectHideFlags: 0
  m_CorrespondingSourceObject: {fileID: 0}
  m_PrefabInstance: {fileID: 0}
  m_PrefabAsset: {fileID: 0}
  serializedVersion: 6
  m_Component:
  - component: {fileID: 2947207888666171908}
  m_Layer: 0
  m_Name: IK Tracker Left
  m_TagString: Untagged
  m_Icon: {fileID: 0}
  m_NavMeshLayer: 0
  m_StaticEditorFlags: 0
  m_IsActive: 1
--- !u!4 &2947207888666171908
Transform:
  m_ObjectHideFlags: 0
  m_CorrespondingSourceObject: {fileID: 0}
  m_PrefabInstance: {fileID: 0}
  m_PrefabAsset: {fileID: 0}
  m_GameObject: {fileID: 2971800402177297811}
  m_LocalRotation: {x: 0, y: 0, z: 0, w: 1}
  m_LocalPosition: {x: -0.0535, y: -0.0272, z: -0.1069}
  m_LocalScale: {x: 1, y: 1, z: 1}
  m_Children: []
  m_Father: {fileID: 3700300493904907406}
  m_RootOrder: 2
  m_LocalEulerAnglesHint: {x: 0, y: 0, z: 0}
--- !u!1 &7576314312468966845
GameObject:
  m_ObjectHideFlags: 0
  m_CorrespondingSourceObject: {fileID: 0}
  m_PrefabInstance: {fileID: 0}
  m_PrefabAsset: {fileID: 0}
  serializedVersion: 6
  m_Component:
  - component: {fileID: 1715521421019928784}
  - component: {fileID: 7085312126300609124}
  - component: {fileID: 4307802428501855501}
  - component: {fileID: 7733621000794933543}
  m_Layer: 5
  m_Name: Canvas
  m_TagString: Untagged
  m_Icon: {fileID: 0}
  m_NavMeshLayer: 0
  m_StaticEditorFlags: 0
  m_IsActive: 1
--- !u!224 &1715521421019928784
RectTransform:
  m_ObjectHideFlags: 0
  m_CorrespondingSourceObject: {fileID: 0}
  m_PrefabInstance: {fileID: 0}
  m_PrefabAsset: {fileID: 0}
  m_GameObject: {fileID: 7576314312468966845}
  m_LocalRotation: {x: -0, y: -0, z: -0, w: 1}
  m_LocalPosition: {x: 0, y: 0, z: 0}
  m_LocalScale: {x: 1, y: 1, z: 1}
  m_Children:
  - {fileID: 1991465689960645148}
  m_Father: {fileID: 9191414096190780406}
  m_RootOrder: 1
  m_LocalEulerAnglesHint: {x: 0, y: 0, z: 0}
  m_AnchorMin: {x: 0, y: 0}
  m_AnchorMax: {x: 0, y: 0}
  m_AnchoredPosition: {x: 0, y: 1.615}
  m_SizeDelta: {x: 2, y: 0.2}
  m_Pivot: {x: 0.5, y: 0.5}
--- !u!223 &7085312126300609124
Canvas:
  m_ObjectHideFlags: 0
  m_CorrespondingSourceObject: {fileID: 0}
  m_PrefabInstance: {fileID: 0}
  m_PrefabAsset: {fileID: 0}
  m_GameObject: {fileID: 7576314312468966845}
  m_Enabled: 1
  serializedVersion: 3
  m_RenderMode: 2
  m_Camera: {fileID: 0}
  m_PlaneDistance: 100
  m_PixelPerfect: 0
  m_ReceivesEvents: 1
  m_OverrideSorting: 0
  m_OverridePixelPerfect: 0
  m_SortingBucketNormalizedSize: 0
  m_AdditionalShaderChannelsFlag: 25
  m_SortingLayerID: 0
  m_SortingOrder: 0
  m_TargetDisplay: 0
--- !u!114 &4307802428501855501
MonoBehaviour:
  m_ObjectHideFlags: 0
  m_CorrespondingSourceObject: {fileID: 0}
  m_PrefabInstance: {fileID: 0}
  m_PrefabAsset: {fileID: 0}
  m_GameObject: {fileID: 7576314312468966845}
  m_Enabled: 1
  m_EditorHideFlags: 0
  m_Script: {fileID: 11500000, guid: 0cd44c1031e13a943bb63640046fad76, type: 3}
  m_Name: 
  m_EditorClassIdentifier: 
  m_UiScaleMode: 0
  m_ReferencePixelsPerUnit: 100
  m_ScaleFactor: 1
  m_ReferenceResolution: {x: 800, y: 600}
  m_ScreenMatchMode: 0
  m_MatchWidthOrHeight: 0
  m_PhysicalUnit: 3
  m_FallbackScreenDPI: 96
  m_DefaultSpriteDPI: 96
  m_DynamicPixelsPerUnit: 1
  m_PresetInfoIsWorld: 1
--- !u!114 &7733621000794933543
MonoBehaviour:
  m_ObjectHideFlags: 0
  m_CorrespondingSourceObject: {fileID: 0}
  m_PrefabInstance: {fileID: 0}
  m_PrefabAsset: {fileID: 0}
  m_GameObject: {fileID: 7576314312468966845}
  m_Enabled: 1
  m_EditorHideFlags: 0
  m_Script: {fileID: 11500000, guid: dc42784cf147c0c48a680349fa168899, type: 3}
  m_Name: 
  m_EditorClassIdentifier: 
  m_IgnoreReversedGraphics: 1
  m_BlockingObjects: 0
  m_BlockingMask:
    serializedVersion: 2
    m_Bits: 3670839
--- !u!1 &8463285065171366725
GameObject:
  m_ObjectHideFlags: 0
  m_CorrespondingSourceObject: {fileID: 0}
  m_PrefabInstance: {fileID: 0}
  m_PrefabAsset: {fileID: 0}
  serializedVersion: 6
  m_Component:
  - component: {fileID: 4232542799848526633}
  m_Layer: 0
  m_Name: IK Tracker Right
  m_TagString: Untagged
  m_Icon: {fileID: 0}
  m_NavMeshLayer: 0
  m_StaticEditorFlags: 0
  m_IsActive: 1
--- !u!4 &4232542799848526633
Transform:
  m_ObjectHideFlags: 0
  m_CorrespondingSourceObject: {fileID: 0}
  m_PrefabInstance: {fileID: 0}
  m_PrefabAsset: {fileID: 0}
  m_GameObject: {fileID: 8463285065171366725}
  m_LocalRotation: {x: -0, y: -0, z: -0, w: 1}
  m_LocalPosition: {x: 0.0558, y: -0.0253, z: -0.1069}
  m_LocalScale: {x: 1, y: 1, z: 1}
  m_Children: []
  m_Father: {fileID: 7017699926947061951}
  m_RootOrder: 2
  m_LocalEulerAnglesHint: {x: 0, y: 0, z: 0}
--- !u!1001 &7777243726396401587
PrefabInstance:
  m_ObjectHideFlags: 0
  serializedVersion: 2
  m_Modification:
    m_TransformParent: {fileID: 0}
    m_Modifications:
    - target: {fileID: 1346116145306884520, guid: 58e71191f7e53604d9b3226e337c23c0, type: 3}
      propertyPath: m_TagString
      value: Untagged
      objectReference: {fileID: 0}
    - target: {fileID: 2339921917503771533, guid: 58e71191f7e53604d9b3226e337c23c0, type: 3}
      propertyPath: m_RootOrder
      value: 1
      objectReference: {fileID: 0}
    - target: {fileID: 4636027085210369725, guid: 58e71191f7e53604d9b3226e337c23c0, type: 3}
      propertyPath: m_RootOrder
      value: 0
      objectReference: {fileID: 0}
    - target: {fileID: 4636027085210369725, guid: 58e71191f7e53604d9b3226e337c23c0, type: 3}
      propertyPath: m_LocalPosition.x
      value: 1.116
      objectReference: {fileID: 0}
    - target: {fileID: 4636027085210369725, guid: 58e71191f7e53604d9b3226e337c23c0, type: 3}
      propertyPath: m_LocalPosition.y
      value: 1.431
      objectReference: {fileID: 0}
    - target: {fileID: 4636027085210369725, guid: 58e71191f7e53604d9b3226e337c23c0, type: 3}
      propertyPath: m_LocalPosition.z
      value: 0
      objectReference: {fileID: 0}
    - target: {fileID: 4636027085210369725, guid: 58e71191f7e53604d9b3226e337c23c0, type: 3}
      propertyPath: m_LocalRotation.w
      value: 1
      objectReference: {fileID: 0}
    - target: {fileID: 4636027085210369725, guid: 58e71191f7e53604d9b3226e337c23c0, type: 3}
      propertyPath: m_LocalRotation.x
      value: 0
      objectReference: {fileID: 0}
    - target: {fileID: 4636027085210369725, guid: 58e71191f7e53604d9b3226e337c23c0, type: 3}
      propertyPath: m_LocalRotation.y
      value: 0
      objectReference: {fileID: 0}
    - target: {fileID: 4636027085210369725, guid: 58e71191f7e53604d9b3226e337c23c0, type: 3}
      propertyPath: m_LocalRotation.z
      value: 0
      objectReference: {fileID: 0}
    - target: {fileID: 4636027085210369725, guid: 58e71191f7e53604d9b3226e337c23c0, type: 3}
      propertyPath: m_LocalEulerAnglesHint.x
      value: 0
      objectReference: {fileID: 0}
    - target: {fileID: 4636027085210369725, guid: 58e71191f7e53604d9b3226e337c23c0, type: 3}
      propertyPath: m_LocalEulerAnglesHint.y
      value: 0
      objectReference: {fileID: 0}
    - target: {fileID: 4636027085210369725, guid: 58e71191f7e53604d9b3226e337c23c0, type: 3}
      propertyPath: m_LocalEulerAnglesHint.z
      value: 0
      objectReference: {fileID: 0}
    - target: {fileID: 4636027085210369726, guid: 58e71191f7e53604d9b3226e337c23c0, type: 3}
      propertyPath: m_Name
      value: NetworkAvatarV2
      objectReference: {fileID: 0}
    - target: {fileID: 4655129759133267265, guid: 58e71191f7e53604d9b3226e337c23c0, type: 3}
      propertyPath: text
      value: 
      objectReference: {fileID: 700377410296030658}
    - target: {fileID: 4655129759133267265, guid: 58e71191f7e53604d9b3226e337c23c0, type: 3}
      propertyPath: m_Enabled
      value: 1
      objectReference: {fileID: 0}
    - target: {fileID: 4846748580702545943, guid: 58e71191f7e53604d9b3226e337c23c0, type: 3}
      propertyPath: m_TagString
      value: Untagged
      objectReference: {fileID: 0}
    - target: {fileID: 4945197296536850739, guid: 58e71191f7e53604d9b3226e337c23c0, type: 3}
      propertyPath: sceneViewId
      value: 0
      objectReference: {fileID: 0}
    - target: {fileID: 4945197296536850739, guid: 58e71191f7e53604d9b3226e337c23c0, type: 3}
      propertyPath: ObservedComponents.Array.size
      value: 50
      objectReference: {fileID: 0}
    - target: {fileID: 4945197296536850739, guid: 58e71191f7e53604d9b3226e337c23c0, type: 3}
      propertyPath: ObservedComponents.Array.data[3]
      value: 
      objectReference: {fileID: 7381024578756435959}
    - target: {fileID: 4945197296536850739, guid: 58e71191f7e53604d9b3226e337c23c0, type: 3}
      propertyPath: ObservedComponents.Array.data[4]
      value: 
      objectReference: {fileID: 3704485196112219720}
    - target: {fileID: 4945197296536850739, guid: 58e71191f7e53604d9b3226e337c23c0, type: 3}
      propertyPath: ObservedComponents.Array.data[5]
      value: 
      objectReference: {fileID: 1896195355529751253}
    - target: {fileID: 4945197296536850739, guid: 58e71191f7e53604d9b3226e337c23c0, type: 3}
      propertyPath: ObservedComponents.Array.data[6]
      value: 
      objectReference: {fileID: 7690836349867396934}
    - target: {fileID: 4945197296536850739, guid: 58e71191f7e53604d9b3226e337c23c0, type: 3}
      propertyPath: ObservedComponents.Array.data[7]
      value: 
      objectReference: {fileID: 2273353058297898253}
    - target: {fileID: 4945197296536850739, guid: 58e71191f7e53604d9b3226e337c23c0, type: 3}
      propertyPath: ObservedComponents.Array.data[8]
      value: 
      objectReference: {fileID: 1526189446329770206}
    - target: {fileID: 4945197296536850739, guid: 58e71191f7e53604d9b3226e337c23c0, type: 3}
      propertyPath: ObservedComponents.Array.data[9]
      value: 
      objectReference: {fileID: 2930383220118276758}
    - target: {fileID: 4945197296536850739, guid: 58e71191f7e53604d9b3226e337c23c0, type: 3}
      propertyPath: ObservedComponents.Array.data[10]
      value: 
      objectReference: {fileID: 2528671272377470846}
    - target: {fileID: 4945197296536850739, guid: 58e71191f7e53604d9b3226e337c23c0, type: 3}
      propertyPath: ObservedComponents.Array.data[11]
      value: 
      objectReference: {fileID: 5568785939327055347}
    - target: {fileID: 4945197296536850739, guid: 58e71191f7e53604d9b3226e337c23c0, type: 3}
      propertyPath: ObservedComponents.Array.data[12]
      value: 
      objectReference: {fileID: 1365405851181105332}
    - target: {fileID: 4945197296536850739, guid: 58e71191f7e53604d9b3226e337c23c0, type: 3}
      propertyPath: ObservedComponents.Array.data[13]
      value: 
      objectReference: {fileID: 4947378172994084240}
    - target: {fileID: 4945197296536850739, guid: 58e71191f7e53604d9b3226e337c23c0, type: 3}
      propertyPath: ObservedComponents.Array.data[14]
      value: 
      objectReference: {fileID: 2822425818676587568}
    - target: {fileID: 4945197296536850739, guid: 58e71191f7e53604d9b3226e337c23c0, type: 3}
      propertyPath: ObservedComponents.Array.data[15]
      value: 
      objectReference: {fileID: 6702064920541567955}
    - target: {fileID: 4945197296536850739, guid: 58e71191f7e53604d9b3226e337c23c0, type: 3}
      propertyPath: ObservedComponents.Array.data[16]
      value: 
      objectReference: {fileID: 2223739481430354877}
    - target: {fileID: 4945197296536850739, guid: 58e71191f7e53604d9b3226e337c23c0, type: 3}
      propertyPath: ObservedComponents.Array.data[17]
      value: 
      objectReference: {fileID: 7497418104085741517}
    - target: {fileID: 4945197296536850739, guid: 58e71191f7e53604d9b3226e337c23c0, type: 3}
      propertyPath: ObservedComponents.Array.data[18]
      value: 
      objectReference: {fileID: 6750675326968356102}
    - target: {fileID: 4945197296536850739, guid: 58e71191f7e53604d9b3226e337c23c0, type: 3}
      propertyPath: ObservedComponents.Array.data[19]
      value: 
      objectReference: {fileID: 618146921889044068}
    - target: {fileID: 4945197296536850739, guid: 58e71191f7e53604d9b3226e337c23c0, type: 3}
      propertyPath: ObservedComponents.Array.data[20]
      value: 
      objectReference: {fileID: 1315354616793275575}
    - target: {fileID: 4945197296536850739, guid: 58e71191f7e53604d9b3226e337c23c0, type: 3}
      propertyPath: ObservedComponents.Array.data[21]
      value: 
      objectReference: {fileID: 6188340252220754731}
    - target: {fileID: 4945197296536850739, guid: 58e71191f7e53604d9b3226e337c23c0, type: 3}
      propertyPath: ObservedComponents.Array.data[22]
      value: 
      objectReference: {fileID: 4404470409583660670}
    - target: {fileID: 4945197296536850739, guid: 58e71191f7e53604d9b3226e337c23c0, type: 3}
      propertyPath: ObservedComponents.Array.data[23]
      value: 
      objectReference: {fileID: 2311993792813229372}
    - target: {fileID: 4945197296536850739, guid: 58e71191f7e53604d9b3226e337c23c0, type: 3}
      propertyPath: ObservedComponents.Array.data[24]
      value: 
      objectReference: {fileID: 3072039884433660889}
    - target: {fileID: 4945197296536850739, guid: 58e71191f7e53604d9b3226e337c23c0, type: 3}
      propertyPath: ObservedComponents.Array.data[25]
      value: 
      objectReference: {fileID: 308099286851870144}
    - target: {fileID: 4945197296536850739, guid: 58e71191f7e53604d9b3226e337c23c0, type: 3}
      propertyPath: ObservedComponents.Array.data[26]
      value: 
      objectReference: {fileID: 3350117931111171840}
    - target: {fileID: 4945197296536850739, guid: 58e71191f7e53604d9b3226e337c23c0, type: 3}
      propertyPath: ObservedComponents.Array.data[27]
      value: 
      objectReference: {fileID: 5194888727555816560}
    - target: {fileID: 4945197296536850739, guid: 58e71191f7e53604d9b3226e337c23c0, type: 3}
      propertyPath: ObservedComponents.Array.data[28]
      value: 
      objectReference: {fileID: 4988813659926324618}
    - target: {fileID: 4945197296536850739, guid: 58e71191f7e53604d9b3226e337c23c0, type: 3}
      propertyPath: ObservedComponents.Array.data[29]
      value: 
      objectReference: {fileID: 1553321671566377021}
    - target: {fileID: 4945197296536850739, guid: 58e71191f7e53604d9b3226e337c23c0, type: 3}
      propertyPath: ObservedComponents.Array.data[30]
      value: 
      objectReference: {fileID: 5254465173504597460}
    - target: {fileID: 4945197296536850739, guid: 58e71191f7e53604d9b3226e337c23c0, type: 3}
      propertyPath: ObservedComponents.Array.data[31]
      value: 
      objectReference: {fileID: 4943673927179075463}
    - target: {fileID: 4945197296536850739, guid: 58e71191f7e53604d9b3226e337c23c0, type: 3}
      propertyPath: ObservedComponents.Array.data[32]
      value: 
      objectReference: {fileID: 3909340546146812843}
    - target: {fileID: 4945197296536850739, guid: 58e71191f7e53604d9b3226e337c23c0, type: 3}
      propertyPath: ObservedComponents.Array.data[33]
      value: 
      objectReference: {fileID: 4484386427861981452}
    - target: {fileID: 4945197296536850739, guid: 58e71191f7e53604d9b3226e337c23c0, type: 3}
      propertyPath: ObservedComponents.Array.data[34]
      value: 
      objectReference: {fileID: 4293073550325025215}
    - target: {fileID: 4945197296536850739, guid: 58e71191f7e53604d9b3226e337c23c0, type: 3}
      propertyPath: ObservedComponents.Array.data[35]
      value: 
      objectReference: {fileID: 6078834972914970716}
    - target: {fileID: 4945197296536850739, guid: 58e71191f7e53604d9b3226e337c23c0, type: 3}
      propertyPath: ObservedComponents.Array.data[36]
      value: 
      objectReference: {fileID: 1314624433852254776}
    - target: {fileID: 4945197296536850739, guid: 58e71191f7e53604d9b3226e337c23c0, type: 3}
      propertyPath: ObservedComponents.Array.data[37]
      value: 
      objectReference: {fileID: 8482769101563798868}
    - target: {fileID: 4945197296536850739, guid: 58e71191f7e53604d9b3226e337c23c0, type: 3}
      propertyPath: ObservedComponents.Array.data[38]
      value: 
      objectReference: {fileID: 9177840337303749021}
    - target: {fileID: 4945197296536850739, guid: 58e71191f7e53604d9b3226e337c23c0, type: 3}
      propertyPath: ObservedComponents.Array.data[39]
      value: 
      objectReference: {fileID: 6118681721362448013}
    - target: {fileID: 4945197296536850739, guid: 58e71191f7e53604d9b3226e337c23c0, type: 3}
      propertyPath: ObservedComponents.Array.data[40]
      value: 
      objectReference: {fileID: 7367676221356868189}
    - target: {fileID: 4945197296536850739, guid: 58e71191f7e53604d9b3226e337c23c0, type: 3}
      propertyPath: ObservedComponents.Array.data[41]
      value: 
      objectReference: {fileID: 7068641333328238645}
    - target: {fileID: 4945197296536850739, guid: 58e71191f7e53604d9b3226e337c23c0, type: 3}
      propertyPath: ObservedComponents.Array.data[42]
      value: 
      objectReference: {fileID: 2662884601011443670}
    - target: {fileID: 4945197296536850739, guid: 58e71191f7e53604d9b3226e337c23c0, type: 3}
      propertyPath: ObservedComponents.Array.data[43]
      value: 
      objectReference: {fileID: 9024159543752695072}
    - target: {fileID: 4945197296536850739, guid: 58e71191f7e53604d9b3226e337c23c0, type: 3}
      propertyPath: ObservedComponents.Array.data[44]
      value: 
      objectReference: {fileID: 5157124721589035930}
    - target: {fileID: 4945197296536850739, guid: 58e71191f7e53604d9b3226e337c23c0, type: 3}
      propertyPath: ObservedComponents.Array.data[45]
      value: 
      objectReference: {fileID: 413321985128956964}
    - target: {fileID: 4945197296536850739, guid: 58e71191f7e53604d9b3226e337c23c0, type: 3}
      propertyPath: ObservedComponents.Array.data[46]
      value: 
      objectReference: {fileID: 4378842345973866357}
    - target: {fileID: 4945197296536850739, guid: 58e71191f7e53604d9b3226e337c23c0, type: 3}
      propertyPath: ObservedComponents.Array.data[47]
      value: 
      objectReference: {fileID: 142605689697131656}
    - target: {fileID: 4945197296536850739, guid: 58e71191f7e53604d9b3226e337c23c0, type: 3}
      propertyPath: ObservedComponents.Array.data[48]
      value: 
      objectReference: {fileID: 7841776919951190088}
    - target: {fileID: 4945197296536850739, guid: 58e71191f7e53604d9b3226e337c23c0, type: 3}
      propertyPath: ObservedComponents.Array.data[49]
      value: 
      objectReference: {fileID: 8623441267792493460}
    - target: {fileID: 4945197296536850739, guid: 58e71191f7e53604d9b3226e337c23c0, type: 3}
      propertyPath: ObservedComponents.Array.data[50]
      value: 
      objectReference: {fileID: 0}
    - target: {fileID: 4945197296536850739, guid: 58e71191f7e53604d9b3226e337c23c0, type: 3}
      propertyPath: ObservedComponents.Array.data[51]
      value: 
      objectReference: {fileID: 0}
    - target: {fileID: 4945197296536850739, guid: 58e71191f7e53604d9b3226e337c23c0, type: 3}
      propertyPath: ObservedComponents.Array.data[52]
      value: 
      objectReference: {fileID: 0}
    - target: {fileID: 4945197296536850739, guid: 58e71191f7e53604d9b3226e337c23c0, type: 3}
      propertyPath: ObservedComponents.Array.data[53]
      value: 
      objectReference: {fileID: 0}
    - target: {fileID: 4945197296536850739, guid: 58e71191f7e53604d9b3226e337c23c0, type: 3}
      propertyPath: ObservedComponents.Array.data[54]
      value: 
      objectReference: {fileID: 0}
    - target: {fileID: 4945197296536850739, guid: 58e71191f7e53604d9b3226e337c23c0, type: 3}
      propertyPath: ObservedComponents.Array.data[55]
      value: 
      objectReference: {fileID: 0}
    - target: {fileID: 4945197296536850739, guid: 58e71191f7e53604d9b3226e337c23c0, type: 3}
      propertyPath: ObservedComponents.Array.data[56]
      value: 
      objectReference: {fileID: 0}
    - target: {fileID: 4945197296536850739, guid: 58e71191f7e53604d9b3226e337c23c0, type: 3}
      propertyPath: ObservedComponents.Array.data[57]
      value: 
      objectReference: {fileID: 0}
    - target: {fileID: 4945197296536850739, guid: 58e71191f7e53604d9b3226e337c23c0, type: 3}
      propertyPath: ObservedComponents.Array.data[58]
      value: 
      objectReference: {fileID: 0}
    - target: {fileID: 4945197296536850739, guid: 58e71191f7e53604d9b3226e337c23c0, type: 3}
      propertyPath: ObservedComponents.Array.data[59]
      value: 
      objectReference: {fileID: 0}
    - target: {fileID: 4945197296536850739, guid: 58e71191f7e53604d9b3226e337c23c0, type: 3}
      propertyPath: ObservedComponents.Array.data[60]
      value: 
      objectReference: {fileID: 0}
    - target: {fileID: 4945197296536850739, guid: 58e71191f7e53604d9b3226e337c23c0, type: 3}
      propertyPath: ObservedComponents.Array.data[61]
      value: 
      objectReference: {fileID: 0}
    - target: {fileID: 4945197296536850739, guid: 58e71191f7e53604d9b3226e337c23c0, type: 3}
      propertyPath: ObservedComponents.Array.data[62]
      value: 
      objectReference: {fileID: 0}
    - target: {fileID: 4945197296536850739, guid: 58e71191f7e53604d9b3226e337c23c0, type: 3}
      propertyPath: ObservedComponents.Array.data[63]
      value: 
      objectReference: {fileID: 0}
    - target: {fileID: 4945197296536850739, guid: 58e71191f7e53604d9b3226e337c23c0, type: 3}
      propertyPath: ObservedComponents.Array.data[64]
      value: 
      objectReference: {fileID: 0}
    - target: {fileID: 4945197296536850739, guid: 58e71191f7e53604d9b3226e337c23c0, type: 3}
      propertyPath: ObservedComponents.Array.data[65]
      value: 
      objectReference: {fileID: 0}
    - target: {fileID: 4945197296536850739, guid: 58e71191f7e53604d9b3226e337c23c0, type: 3}
      propertyPath: ObservedComponents.Array.data[66]
      value: 
      objectReference: {fileID: 0}
    - target: {fileID: 4945197296536850739, guid: 58e71191f7e53604d9b3226e337c23c0, type: 3}
      propertyPath: ObservedComponents.Array.data[67]
      value: 
      objectReference: {fileID: 0}
    - target: {fileID: 4945197296536850739, guid: 58e71191f7e53604d9b3226e337c23c0, type: 3}
      propertyPath: ObservedComponents.Array.data[68]
      value: 
      objectReference: {fileID: 0}
    - target: {fileID: 4945197296536850739, guid: 58e71191f7e53604d9b3226e337c23c0, type: 3}
      propertyPath: ObservedComponents.Array.data[69]
      value: 
      objectReference: {fileID: 0}
    - target: {fileID: 4945197296536850739, guid: 58e71191f7e53604d9b3226e337c23c0, type: 3}
      propertyPath: ObservedComponents.Array.data[70]
      value: 
      objectReference: {fileID: 0}
    - target: {fileID: 4945197296536850739, guid: 58e71191f7e53604d9b3226e337c23c0, type: 3}
      propertyPath: ObservedComponents.Array.data[71]
      value: 
      objectReference: {fileID: 0}
    - target: {fileID: 4945197296536850739, guid: 58e71191f7e53604d9b3226e337c23c0, type: 3}
      propertyPath: ObservedComponents.Array.data[72]
      value: 
      objectReference: {fileID: 0}
    - target: {fileID: 4945197296536850739, guid: 58e71191f7e53604d9b3226e337c23c0, type: 3}
      propertyPath: ObservedComponents.Array.data[73]
      value: 
      objectReference: {fileID: 0}
    - target: {fileID: 4945197296536850739, guid: 58e71191f7e53604d9b3226e337c23c0, type: 3}
      propertyPath: ObservedComponents.Array.data[74]
      value: 
      objectReference: {fileID: 0}
    - target: {fileID: 4945197296536850739, guid: 58e71191f7e53604d9b3226e337c23c0, type: 3}
      propertyPath: ObservedComponents.Array.data[75]
      value: 
      objectReference: {fileID: 0}
    - target: {fileID: 4945197296536850739, guid: 58e71191f7e53604d9b3226e337c23c0, type: 3}
      propertyPath: ObservedComponents.Array.data[76]
      value: 
      objectReference: {fileID: 0}
    - target: {fileID: 4945197296536850739, guid: 58e71191f7e53604d9b3226e337c23c0, type: 3}
      propertyPath: ObservedComponents.Array.data[77]
      value: 
      objectReference: {fileID: 0}
    - target: {fileID: 4945197296536850739, guid: 58e71191f7e53604d9b3226e337c23c0, type: 3}
      propertyPath: ObservedComponents.Array.data[78]
      value: 
      objectReference: {fileID: 0}
    - target: {fileID: 4945197296536850739, guid: 58e71191f7e53604d9b3226e337c23c0, type: 3}
      propertyPath: ObservedComponents.Array.data[79]
      value: 
      objectReference: {fileID: 0}
    - target: {fileID: 4945197296536850739, guid: 58e71191f7e53604d9b3226e337c23c0, type: 3}
      propertyPath: ObservedComponents.Array.data[80]
      value: 
      objectReference: {fileID: 0}
    - target: {fileID: 4945197296536850739, guid: 58e71191f7e53604d9b3226e337c23c0, type: 3}
      propertyPath: ObservedComponents.Array.data[81]
      value: 
      objectReference: {fileID: 0}
    - target: {fileID: 5108029626870867913, guid: 58e71191f7e53604d9b3226e337c23c0, type: 3}
      propertyPath: m_RootOrder
      value: 1
      objectReference: {fileID: 0}
    - target: {fileID: 8374350840026783803, guid: 58e71191f7e53604d9b3226e337c23c0, type: 3}
      propertyPath: m_TagString
      value: Untagged
      objectReference: {fileID: 0}
    m_RemovedComponents: []
  m_SourcePrefab: {fileID: 100100000, guid: 58e71191f7e53604d9b3226e337c23c0, type: 3}
--- !u!114 &4947378172994084240 stripped
MonoBehaviour:
  m_CorrespondingSourceObject: {fileID: 3406638637891942947, guid: 58e71191f7e53604d9b3226e337c23c0, type: 3}
  m_PrefabInstance: {fileID: 7777243726396401587}
  m_PrefabAsset: {fileID: 0}
  m_GameObject: {fileID: 0}
  m_Enabled: 1
  m_EditorHideFlags: 0
  m_Script: {fileID: 11500000, guid: 627855c7f81362d41938ffe0b1475957, type: 3}
  m_Name: 
  m_EditorClassIdentifier: 
--- !u!114 &2311993792813229372 stripped
MonoBehaviour:
  m_CorrespondingSourceObject: {fileID: 5475123619018588815, guid: 58e71191f7e53604d9b3226e337c23c0, type: 3}
  m_PrefabInstance: {fileID: 7777243726396401587}
  m_PrefabAsset: {fileID: 0}
  m_GameObject: {fileID: 0}
  m_Enabled: 1
  m_EditorHideFlags: 0
  m_Script: {fileID: 11500000, guid: 627855c7f81362d41938ffe0b1475957, type: 3}
  m_Name: 
  m_EditorClassIdentifier: 
--- !u!114 &4484386427861981452 stripped
MonoBehaviour:
  m_CorrespondingSourceObject: {fileID: 6185109443541597887, guid: 58e71191f7e53604d9b3226e337c23c0, type: 3}
  m_PrefabInstance: {fileID: 7777243726396401587}
  m_PrefabAsset: {fileID: 0}
  m_GameObject: {fileID: 0}
  m_Enabled: 1
  m_EditorHideFlags: 0
  m_Script: {fileID: 11500000, guid: 627855c7f81362d41938ffe0b1475957, type: 3}
  m_Name: 
  m_EditorClassIdentifier: 
--- !u!114 &3704485196112219720 stripped
MonoBehaviour:
  m_CorrespondingSourceObject: {fileID: 6378971044812188155, guid: 58e71191f7e53604d9b3226e337c23c0, type: 3}
  m_PrefabInstance: {fileID: 7777243726396401587}
  m_PrefabAsset: {fileID: 0}
  m_GameObject: {fileID: 0}
  m_Enabled: 1
  m_EditorHideFlags: 0
  m_Script: {fileID: 11500000, guid: 627855c7f81362d41938ffe0b1475957, type: 3}
  m_Name: 
  m_EditorClassIdentifier: 
--- !u!114 &2822425818676587568 stripped
MonoBehaviour:
  m_CorrespondingSourceObject: {fileID: 5531850406204132227, guid: 58e71191f7e53604d9b3226e337c23c0, type: 3}
  m_PrefabInstance: {fileID: 7777243726396401587}
  m_PrefabAsset: {fileID: 0}
  m_GameObject: {fileID: 0}
  m_Enabled: 1
  m_EditorHideFlags: 0
  m_Script: {fileID: 11500000, guid: 627855c7f81362d41938ffe0b1475957, type: 3}
  m_Name: 
  m_EditorClassIdentifier: 
--- !u!114 &3072039884433660889 stripped
MonoBehaviour:
  m_CorrespondingSourceObject: {fileID: 4705208318006541418, guid: 58e71191f7e53604d9b3226e337c23c0, type: 3}
  m_PrefabInstance: {fileID: 7777243726396401587}
  m_PrefabAsset: {fileID: 0}
  m_GameObject: {fileID: 0}
  m_Enabled: 1
  m_EditorHideFlags: 0
  m_Script: {fileID: 11500000, guid: 627855c7f81362d41938ffe0b1475957, type: 3}
  m_Name: 
  m_EditorClassIdentifier: 
--- !u!114 &4293073550325025215 stripped
MonoBehaviour:
  m_CorrespondingSourceObject: {fileID: 5799051182156656140, guid: 58e71191f7e53604d9b3226e337c23c0, type: 3}
  m_PrefabInstance: {fileID: 7777243726396401587}
  m_PrefabAsset: {fileID: 0}
  m_GameObject: {fileID: 0}
  m_Enabled: 1
  m_EditorHideFlags: 0
  m_Script: {fileID: 11500000, guid: 627855c7f81362d41938ffe0b1475957, type: 3}
  m_Name: 
  m_EditorClassIdentifier: 
--- !u!114 &1896195355529751253 stripped
MonoBehaviour:
  m_CorrespondingSourceObject: {fileID: 8196254830363577702, guid: 58e71191f7e53604d9b3226e337c23c0, type: 3}
  m_PrefabInstance: {fileID: 7777243726396401587}
  m_PrefabAsset: {fileID: 0}
  m_GameObject: {fileID: 0}
  m_Enabled: 1
  m_EditorHideFlags: 0
  m_Script: {fileID: 11500000, guid: 627855c7f81362d41938ffe0b1475957, type: 3}
  m_Name: 
  m_EditorClassIdentifier: 
--- !u!114 &6702064920541567955 stripped
MonoBehaviour:
  m_CorrespondingSourceObject: {fileID: 3957772917898656864, guid: 58e71191f7e53604d9b3226e337c23c0, type: 3}
  m_PrefabInstance: {fileID: 7777243726396401587}
  m_PrefabAsset: {fileID: 0}
  m_GameObject: {fileID: 0}
  m_Enabled: 1
  m_EditorHideFlags: 0
  m_Script: {fileID: 11500000, guid: 627855c7f81362d41938ffe0b1475957, type: 3}
  m_Name: 
  m_EditorClassIdentifier: 
--- !u!114 &308099286851870144 stripped
MonoBehaviour:
  m_CorrespondingSourceObject: {fileID: 8045899940555487859, guid: 58e71191f7e53604d9b3226e337c23c0, type: 3}
  m_PrefabInstance: {fileID: 7777243726396401587}
  m_PrefabAsset: {fileID: 0}
  m_GameObject: {fileID: 0}
  m_Enabled: 1
  m_EditorHideFlags: 0
  m_Script: {fileID: 11500000, guid: 627855c7f81362d41938ffe0b1475957, type: 3}
  m_Name: 
  m_EditorClassIdentifier: 
--- !u!114 &6078834972914970716 stripped
MonoBehaviour:
  m_CorrespondingSourceObject: {fileID: 4589746113286723567, guid: 58e71191f7e53604d9b3226e337c23c0, type: 3}
  m_PrefabInstance: {fileID: 7777243726396401587}
  m_PrefabAsset: {fileID: 0}
  m_GameObject: {fileID: 0}
  m_Enabled: 1
  m_EditorHideFlags: 0
  m_Script: {fileID: 11500000, guid: 627855c7f81362d41938ffe0b1475957, type: 3}
  m_Name: 
  m_EditorClassIdentifier: 
--- !u!114 &142605689697131656 stripped
MonoBehaviour:
  m_CorrespondingSourceObject: {fileID: 7644001546575215419, guid: 58e71191f7e53604d9b3226e337c23c0, type: 3}
  m_PrefabInstance: {fileID: 7777243726396401587}
  m_PrefabAsset: {fileID: 0}
  m_GameObject: {fileID: 0}
  m_Enabled: 1
  m_EditorHideFlags: 0
  m_Script: {fileID: 11500000, guid: 627855c7f81362d41938ffe0b1475957, type: 3}
  m_Name: 
  m_EditorClassIdentifier: 
--- !u!114 &7690836349867396934 stripped
MonoBehaviour:
  m_CorrespondingSourceObject: {fileID: 95990797739763957, guid: 58e71191f7e53604d9b3226e337c23c0, type: 3}
  m_PrefabInstance: {fileID: 7777243726396401587}
  m_PrefabAsset: {fileID: 0}
  m_GameObject: {fileID: 0}
  m_Enabled: 1
  m_EditorHideFlags: 0
  m_Script: {fileID: 11500000, guid: 627855c7f81362d41938ffe0b1475957, type: 3}
  m_Name: 
  m_EditorClassIdentifier: 
--- !u!114 &2223739481430354877 stripped
MonoBehaviour:
  m_CorrespondingSourceObject: {fileID: 8444845994362063886, guid: 58e71191f7e53604d9b3226e337c23c0, type: 3}
  m_PrefabInstance: {fileID: 7777243726396401587}
  m_PrefabAsset: {fileID: 0}
  m_GameObject: {fileID: 0}
  m_Enabled: 1
  m_EditorHideFlags: 0
  m_Script: {fileID: 11500000, guid: 627855c7f81362d41938ffe0b1475957, type: 3}
  m_Name: 
  m_EditorClassIdentifier: 
--- !u!114 &3350117931111171840 stripped
MonoBehaviour:
  m_CorrespondingSourceObject: {fileID: 5012598145577803955, guid: 58e71191f7e53604d9b3226e337c23c0, type: 3}
  m_PrefabInstance: {fileID: 7777243726396401587}
  m_PrefabAsset: {fileID: 0}
  m_GameObject: {fileID: 0}
  m_Enabled: 1
  m_EditorHideFlags: 0
  m_Script: {fileID: 11500000, guid: 627855c7f81362d41938ffe0b1475957, type: 3}
  m_Name: 
  m_EditorClassIdentifier: 
--- !u!114 &1314624433852254776 stripped
MonoBehaviour:
  m_CorrespondingSourceObject: {fileID: 8777561869132901771, guid: 58e71191f7e53604d9b3226e337c23c0, type: 3}
  m_PrefabInstance: {fileID: 7777243726396401587}
  m_PrefabAsset: {fileID: 0}
  m_GameObject: {fileID: 0}
  m_Enabled: 1
  m_EditorHideFlags: 0
  m_Script: {fileID: 11500000, guid: 627855c7f81362d41938ffe0b1475957, type: 3}
  m_Name: 
  m_EditorClassIdentifier: 
--- !u!114 &2273353058297898253 stripped
MonoBehaviour:
  m_CorrespondingSourceObject: {fileID: 8386480382649483966, guid: 58e71191f7e53604d9b3226e337c23c0, type: 3}
  m_PrefabInstance: {fileID: 7777243726396401587}
  m_PrefabAsset: {fileID: 0}
  m_GameObject: {fileID: 0}
  m_Enabled: 1
  m_EditorHideFlags: 0
  m_Script: {fileID: 11500000, guid: 627855c7f81362d41938ffe0b1475957, type: 3}
  m_Name: 
  m_EditorClassIdentifier: 
--- !u!114 &7497418104085741517 stripped
MonoBehaviour:
  m_CorrespondingSourceObject: {fileID: 279926848264263806, guid: 58e71191f7e53604d9b3226e337c23c0, type: 3}
  m_PrefabInstance: {fileID: 7777243726396401587}
  m_PrefabAsset: {fileID: 0}
  m_GameObject: {fileID: 0}
  m_Enabled: 1
  m_EditorHideFlags: 0
  m_Script: {fileID: 11500000, guid: 627855c7f81362d41938ffe0b1475957, type: 3}
  m_Name: 
  m_EditorClassIdentifier: 
--- !u!114 &5194888727555816560 stripped
MonoBehaviour:
  m_CorrespondingSourceObject: {fileID: 2592281389967285187, guid: 58e71191f7e53604d9b3226e337c23c0, type: 3}
  m_PrefabInstance: {fileID: 7777243726396401587}
  m_PrefabAsset: {fileID: 0}
  m_GameObject: {fileID: 0}
  m_Enabled: 1
  m_EditorHideFlags: 0
  m_Script: {fileID: 11500000, guid: 627855c7f81362d41938ffe0b1475957, type: 3}
  m_Name: 
  m_EditorClassIdentifier: 
--- !u!114 &8482769101563798868 stripped
MonoBehaviour:
  m_CorrespondingSourceObject: {fileID: 2186084732224176871, guid: 58e71191f7e53604d9b3226e337c23c0, type: 3}
  m_PrefabInstance: {fileID: 7777243726396401587}
  m_PrefabAsset: {fileID: 0}
  m_GameObject: {fileID: 0}
  m_Enabled: 1
  m_EditorHideFlags: 0
  m_Script: {fileID: 11500000, guid: 627855c7f81362d41938ffe0b1475957, type: 3}
  m_Name: 
  m_EditorClassIdentifier: 
--- !u!114 &3131134430048080626 stripped
MonoBehaviour:
  m_CorrespondingSourceObject: {fileID: 4655129759133267265, guid: 58e71191f7e53604d9b3226e337c23c0, type: 3}
  m_PrefabInstance: {fileID: 7777243726396401587}
  m_PrefabAsset: {fileID: 0}
  m_GameObject: {fileID: 0}
  m_Enabled: 1
  m_EditorHideFlags: 0
  m_Script: {fileID: 11500000, guid: e1272c440a3909449bac45cecb0dc8da, type: 3}
  m_Name: 
  m_EditorClassIdentifier: 
--- !u!4 &9191414096190780406 stripped
Transform:
  m_CorrespondingSourceObject: {fileID: 1468217023879582789, guid: 58e71191f7e53604d9b3226e337c23c0, type: 3}
  m_PrefabInstance: {fileID: 7777243726396401587}
  m_PrefabAsset: {fileID: 0}
--- !u!4 &7017699926947061951 stripped
Transform:
  m_CorrespondingSourceObject: {fileID: 760458595959097100, guid: 58e71191f7e53604d9b3226e337c23c0, type: 3}
  m_PrefabInstance: {fileID: 7777243726396401587}
  m_PrefabAsset: {fileID: 0}
--- !u!114 &1526189446329770206 stripped
MonoBehaviour:
  m_CorrespondingSourceObject: {fileID: 9133384438452946797, guid: 58e71191f7e53604d9b3226e337c23c0, type: 3}
  m_PrefabInstance: {fileID: 7777243726396401587}
  m_PrefabAsset: {fileID: 0}
  m_GameObject: {fileID: 0}
  m_Enabled: 1
  m_EditorHideFlags: 0
  m_Script: {fileID: 11500000, guid: 627855c7f81362d41938ffe0b1475957, type: 3}
  m_Name: 
  m_EditorClassIdentifier: 
--- !u!114 &6750675326968356102 stripped
MonoBehaviour:
  m_CorrespondingSourceObject: {fileID: 3909518685073537717, guid: 58e71191f7e53604d9b3226e337c23c0, type: 3}
  m_PrefabInstance: {fileID: 7777243726396401587}
  m_PrefabAsset: {fileID: 0}
  m_GameObject: {fileID: 0}
  m_Enabled: 1
  m_EditorHideFlags: 0
  m_Script: {fileID: 11500000, guid: 627855c7f81362d41938ffe0b1475957, type: 3}
  m_Name: 
  m_EditorClassIdentifier: 
--- !u!114 &4988813659926324618 stripped
MonoBehaviour:
  m_CorrespondingSourceObject: {fileID: 3374746849611629113, guid: 58e71191f7e53604d9b3226e337c23c0, type: 3}
  m_PrefabInstance: {fileID: 7777243726396401587}
  m_PrefabAsset: {fileID: 0}
  m_GameObject: {fileID: 0}
  m_Enabled: 1
  m_EditorHideFlags: 0
  m_Script: {fileID: 11500000, guid: 627855c7f81362d41938ffe0b1475957, type: 3}
  m_Name: 
  m_EditorClassIdentifier: 
--- !u!114 &9177840337303749021 stripped
MonoBehaviour:
  m_CorrespondingSourceObject: {fileID: 1490811184868484654, guid: 58e71191f7e53604d9b3226e337c23c0, type: 3}
  m_PrefabInstance: {fileID: 7777243726396401587}
  m_PrefabAsset: {fileID: 0}
  m_GameObject: {fileID: 0}
  m_Enabled: 1
  m_EditorHideFlags: 0
  m_Script: {fileID: 11500000, guid: 627855c7f81362d41938ffe0b1475957, type: 3}
  m_Name: 
  m_EditorClassIdentifier: 
--- !u!114 &6118681721362448013 stripped
MonoBehaviour:
  m_CorrespondingSourceObject: {fileID: 4541807028632672574, guid: 58e71191f7e53604d9b3226e337c23c0, type: 3}
  m_PrefabInstance: {fileID: 7777243726396401587}
  m_PrefabAsset: {fileID: 0}
  m_GameObject: {fileID: 0}
  m_Enabled: 1
  m_EditorHideFlags: 0
  m_Script: {fileID: 11500000, guid: 627855c7f81362d41938ffe0b1475957, type: 3}
  m_Name: 
  m_EditorClassIdentifier: 
--- !u!114 &2930383220118276758 stripped
MonoBehaviour:
  m_CorrespondingSourceObject: {fileID: 4847141992009067813, guid: 58e71191f7e53604d9b3226e337c23c0, type: 3}
  m_PrefabInstance: {fileID: 7777243726396401587}
  m_PrefabAsset: {fileID: 0}
  m_GameObject: {fileID: 0}
  m_Enabled: 1
  m_EditorHideFlags: 0
  m_Script: {fileID: 11500000, guid: 627855c7f81362d41938ffe0b1475957, type: 3}
  m_Name: 
  m_EditorClassIdentifier: 
--- !u!114 &618146921889044068 stripped
MonoBehaviour:
  m_CorrespondingSourceObject: {fileID: 7168121673794499031, guid: 58e71191f7e53604d9b3226e337c23c0, type: 3}
  m_PrefabInstance: {fileID: 7777243726396401587}
  m_PrefabAsset: {fileID: 0}
  m_GameObject: {fileID: 0}
  m_Enabled: 1
  m_EditorHideFlags: 0
  m_Script: {fileID: 11500000, guid: 627855c7f81362d41938ffe0b1475957, type: 3}
  m_Name: 
  m_EditorClassIdentifier: 
--- !u!114 &1553321671566377021 stripped
MonoBehaviour:
  m_CorrespondingSourceObject: {fileID: 9106507292011882382, guid: 58e71191f7e53604d9b3226e337c23c0, type: 3}
  m_PrefabInstance: {fileID: 7777243726396401587}
  m_PrefabAsset: {fileID: 0}
  m_GameObject: {fileID: 0}
  m_Enabled: 1
  m_EditorHideFlags: 0
  m_Script: {fileID: 11500000, guid: 627855c7f81362d41938ffe0b1475957, type: 3}
  m_Name: 
  m_EditorClassIdentifier: 
--- !u!114 &7367676221356868189 stripped
MonoBehaviour:
  m_CorrespondingSourceObject: {fileID: 995699633024902638, guid: 58e71191f7e53604d9b3226e337c23c0, type: 3}
  m_PrefabInstance: {fileID: 7777243726396401587}
  m_PrefabAsset: {fileID: 0}
  m_GameObject: {fileID: 0}
  m_Enabled: 1
  m_EditorHideFlags: 0
  m_Script: {fileID: 11500000, guid: 627855c7f81362d41938ffe0b1475957, type: 3}
  m_Name: 
  m_EditorClassIdentifier: 
--- !u!114 &7068641333328238645 stripped
MonoBehaviour:
  m_CorrespondingSourceObject: {fileID: 717913068420628358, guid: 58e71191f7e53604d9b3226e337c23c0, type: 3}
  m_PrefabInstance: {fileID: 7777243726396401587}
  m_PrefabAsset: {fileID: 0}
  m_GameObject: {fileID: 0}
  m_Enabled: 1
  m_EditorHideFlags: 0
  m_Script: {fileID: 11500000, guid: 627855c7f81362d41938ffe0b1475957, type: 3}
  m_Name: 
  m_EditorClassIdentifier: 
--- !u!114 &2528671272377470846 stripped
MonoBehaviour:
  m_CorrespondingSourceObject: {fileID: 5258503322649061581, guid: 58e71191f7e53604d9b3226e337c23c0, type: 3}
  m_PrefabInstance: {fileID: 7777243726396401587}
  m_PrefabAsset: {fileID: 0}
  m_GameObject: {fileID: 0}
  m_Enabled: 1
  m_EditorHideFlags: 0
  m_Script: {fileID: 11500000, guid: 627855c7f81362d41938ffe0b1475957, type: 3}
  m_Name: 
  m_EditorClassIdentifier: 
--- !u!114 &1315354616793275575 stripped
MonoBehaviour:
  m_CorrespondingSourceObject: {fileID: 8768303933733747460, guid: 58e71191f7e53604d9b3226e337c23c0, type: 3}
  m_PrefabInstance: {fileID: 7777243726396401587}
  m_PrefabAsset: {fileID: 0}
  m_GameObject: {fileID: 0}
  m_Enabled: 1
  m_EditorHideFlags: 0
  m_Script: {fileID: 11500000, guid: 627855c7f81362d41938ffe0b1475957, type: 3}
  m_Name: 
  m_EditorClassIdentifier: 
--- !u!114 &5254465173504597460 stripped
MonoBehaviour:
  m_CorrespondingSourceObject: {fileID: 2523649437102324327, guid: 58e71191f7e53604d9b3226e337c23c0, type: 3}
  m_PrefabInstance: {fileID: 7777243726396401587}
  m_PrefabAsset: {fileID: 0}
  m_GameObject: {fileID: 0}
  m_Enabled: 1
  m_EditorHideFlags: 0
  m_Script: {fileID: 11500000, guid: 627855c7f81362d41938ffe0b1475957, type: 3}
  m_Name: 
  m_EditorClassIdentifier: 
--- !u!114 &2662884601011443670 stripped
MonoBehaviour:
  m_CorrespondingSourceObject: {fileID: 5699910717136384101, guid: 58e71191f7e53604d9b3226e337c23c0, type: 3}
  m_PrefabInstance: {fileID: 7777243726396401587}
  m_PrefabAsset: {fileID: 0}
  m_GameObject: {fileID: 0}
  m_Enabled: 1
  m_EditorHideFlags: 0
  m_Script: {fileID: 11500000, guid: 627855c7f81362d41938ffe0b1475957, type: 3}
  m_Name: 
  m_EditorClassIdentifier: 
--- !u!114 &7841776919951190088 stripped
MonoBehaviour:
  m_CorrespondingSourceObject: {fileID: 521792454399234043, guid: 58e71191f7e53604d9b3226e337c23c0, type: 3}
  m_PrefabInstance: {fileID: 7777243726396401587}
  m_PrefabAsset: {fileID: 0}
  m_GameObject: {fileID: 0}
  m_Enabled: 1
  m_EditorHideFlags: 0
  m_Script: {fileID: 11500000, guid: 627855c7f81362d41938ffe0b1475957, type: 3}
  m_Name: 
  m_EditorClassIdentifier: 
--- !u!114 &8623441267792493460 stripped
MonoBehaviour:
  m_CorrespondingSourceObject: {fileID: 2036418483705158695, guid: 58e71191f7e53604d9b3226e337c23c0, type: 3}
  m_PrefabInstance: {fileID: 7777243726396401587}
  m_PrefabAsset: {fileID: 0}
  m_GameObject: {fileID: 0}
  m_Enabled: 1
  m_EditorHideFlags: 0
  m_Script: {fileID: 11500000, guid: 627855c7f81362d41938ffe0b1475957, type: 3}
  m_Name: 
  m_EditorClassIdentifier: 
--- !u!114 &5568785939327055347 stripped
MonoBehaviour:
  m_CorrespondingSourceObject: {fileID: 2784944997059351104, guid: 58e71191f7e53604d9b3226e337c23c0, type: 3}
  m_PrefabInstance: {fileID: 7777243726396401587}
  m_PrefabAsset: {fileID: 0}
  m_GameObject: {fileID: 0}
  m_Enabled: 1
  m_EditorHideFlags: 0
  m_Script: {fileID: 11500000, guid: 627855c7f81362d41938ffe0b1475957, type: 3}
  m_Name: 
  m_EditorClassIdentifier: 
--- !u!114 &6188340252220754731 stripped
MonoBehaviour:
  m_CorrespondingSourceObject: {fileID: 4471853817803091096, guid: 58e71191f7e53604d9b3226e337c23c0, type: 3}
  m_PrefabInstance: {fileID: 7777243726396401587}
  m_PrefabAsset: {fileID: 0}
  m_GameObject: {fileID: 0}
  m_Enabled: 1
  m_EditorHideFlags: 0
  m_Script: {fileID: 11500000, guid: 627855c7f81362d41938ffe0b1475957, type: 3}
  m_Name: 
  m_EditorClassIdentifier: 
--- !u!114 &4943673927179075463 stripped
MonoBehaviour:
  m_CorrespondingSourceObject: {fileID: 3419679936986765364, guid: 58e71191f7e53604d9b3226e337c23c0, type: 3}
  m_PrefabInstance: {fileID: 7777243726396401587}
  m_PrefabAsset: {fileID: 0}
  m_GameObject: {fileID: 0}
  m_Enabled: 1
  m_EditorHideFlags: 0
  m_Script: {fileID: 11500000, guid: 627855c7f81362d41938ffe0b1475957, type: 3}
  m_Name: 
  m_EditorClassIdentifier: 
--- !u!114 &9024159543752695072 stripped
MonoBehaviour:
  m_CorrespondingSourceObject: {fileID: 1644395220741831315, guid: 58e71191f7e53604d9b3226e337c23c0, type: 3}
  m_PrefabInstance: {fileID: 7777243726396401587}
  m_PrefabAsset: {fileID: 0}
  m_GameObject: {fileID: 0}
  m_Enabled: 1
  m_EditorHideFlags: 0
  m_Script: {fileID: 11500000, guid: 627855c7f81362d41938ffe0b1475957, type: 3}
  m_Name: 
  m_EditorClassIdentifier: 
--- !u!114 &5157124721589035930 stripped
MonoBehaviour:
  m_CorrespondingSourceObject: {fileID: 3206449045036663849, guid: 58e71191f7e53604d9b3226e337c23c0, type: 3}
  m_PrefabInstance: {fileID: 7777243726396401587}
  m_PrefabAsset: {fileID: 0}
  m_GameObject: {fileID: 0}
  m_Enabled: 1
  m_EditorHideFlags: 0
  m_Script: {fileID: 11500000, guid: 627855c7f81362d41938ffe0b1475957, type: 3}
  m_Name: 
  m_EditorClassIdentifier: 
--- !u!114 &1365405851181105332 stripped
MonoBehaviour:
  m_CorrespondingSourceObject: {fileID: 8727048732238800647, guid: 58e71191f7e53604d9b3226e337c23c0, type: 3}
  m_PrefabInstance: {fileID: 7777243726396401587}
  m_PrefabAsset: {fileID: 0}
  m_GameObject: {fileID: 0}
  m_Enabled: 1
  m_EditorHideFlags: 0
  m_Script: {fileID: 11500000, guid: 627855c7f81362d41938ffe0b1475957, type: 3}
  m_Name: 
  m_EditorClassIdentifier: 
--- !u!114 &4404470409583660670 stripped
MonoBehaviour:
  m_CorrespondingSourceObject: {fileID: 6264933102725507533, guid: 58e71191f7e53604d9b3226e337c23c0, type: 3}
  m_PrefabInstance: {fileID: 7777243726396401587}
  m_PrefabAsset: {fileID: 0}
  m_GameObject: {fileID: 0}
  m_Enabled: 1
  m_EditorHideFlags: 0
  m_Script: {fileID: 11500000, guid: 627855c7f81362d41938ffe0b1475957, type: 3}
  m_Name: 
  m_EditorClassIdentifier: 
--- !u!114 &3909340546146812843 stripped
MonoBehaviour:
  m_CorrespondingSourceObject: {fileID: 6750497222097560600, guid: 58e71191f7e53604d9b3226e337c23c0, type: 3}
  m_PrefabInstance: {fileID: 7777243726396401587}
  m_PrefabAsset: {fileID: 0}
  m_GameObject: {fileID: 0}
  m_Enabled: 1
  m_EditorHideFlags: 0
  m_Script: {fileID: 11500000, guid: 627855c7f81362d41938ffe0b1475957, type: 3}
  m_Name: 
  m_EditorClassIdentifier: 
--- !u!114 &413321985128956964 stripped
MonoBehaviour:
  m_CorrespondingSourceObject: {fileID: 7949482063210914711, guid: 58e71191f7e53604d9b3226e337c23c0, type: 3}
  m_PrefabInstance: {fileID: 7777243726396401587}
  m_PrefabAsset: {fileID: 0}
  m_GameObject: {fileID: 0}
  m_Enabled: 1
  m_EditorHideFlags: 0
  m_Script: {fileID: 11500000, guid: 627855c7f81362d41938ffe0b1475957, type: 3}
  m_Name: 
  m_EditorClassIdentifier: 
--- !u!114 &4378842345973866357 stripped
MonoBehaviour:
  m_CorrespondingSourceObject: {fileID: 6280995493137610950, guid: 58e71191f7e53604d9b3226e337c23c0, type: 3}
  m_PrefabInstance: {fileID: 7777243726396401587}
  m_PrefabAsset: {fileID: 0}
  m_GameObject: {fileID: 0}
  m_Enabled: 1
  m_EditorHideFlags: 0
  m_Script: {fileID: 11500000, guid: 627855c7f81362d41938ffe0b1475957, type: 3}
  m_Name: 
  m_EditorClassIdentifier: 
--- !u!4 &3150316200088803598 stripped
Transform:
  m_CorrespondingSourceObject: {fileID: 4636027085210369725, guid: 58e71191f7e53604d9b3226e337c23c0, type: 3}
  m_PrefabInstance: {fileID: 7777243726396401587}
  m_PrefabAsset: {fileID: 0}
--- !u!4 &3700300493904907406 stripped
Transform:
  m_CorrespondingSourceObject: {fileID: 6391815440453708605, guid: 58e71191f7e53604d9b3226e337c23c0, type: 3}
  m_PrefabInstance: {fileID: 7777243726396401587}
  m_PrefabAsset: {fileID: 0}
--- !u!114 &7381024578756435959 stripped
MonoBehaviour:
  m_CorrespondingSourceObject: {fileID: 973053814024861764, guid: 58e71191f7e53604d9b3226e337c23c0, type: 3}
  m_PrefabInstance: {fileID: 7777243726396401587}
  m_PrefabAsset: {fileID: 0}
  m_GameObject: {fileID: 0}
  m_Enabled: 1
  m_EditorHideFlags: 0
  m_Script: {fileID: 11500000, guid: 627855c7f81362d41938ffe0b1475957, type: 3}
  m_Name: 
  m_EditorClassIdentifier: 
--- !u!1001 &8369350076124197543
PrefabInstance:
  m_ObjectHideFlags: 0
  serializedVersion: 2
  m_Modification:
    m_TransformParent: {fileID: 3150316200088803598}
    m_Modifications:
    - target: {fileID: 545210889, guid: b333b68e420ef824c94f6c7fe4ede62d, type: 3}
      propertyPath: m_TranslationAtRest.x
      value: 0
      objectReference: {fileID: 0}
    - target: {fileID: 545210889, guid: b333b68e420ef824c94f6c7fe4ede62d, type: 3}
      propertyPath: m_TranslationAtRest.y
      value: 0.583
      objectReference: {fileID: 0}
    - target: {fileID: 545210889, guid: b333b68e420ef824c94f6c7fe4ede62d, type: 3}
      propertyPath: m_TranslationAtRest.z
      value: -0.0000010505319
      objectReference: {fileID: 0}
    - target: {fileID: 545210889, guid: b333b68e420ef824c94f6c7fe4ede62d, type: 3}
      propertyPath: m_TranslationOffsets.Array.data[0].x
      value: 0.004070848
      objectReference: {fileID: 0}
    - target: {fileID: 545210889, guid: b333b68e420ef824c94f6c7fe4ede62d, type: 3}
      propertyPath: m_TranslationOffsets.Array.data[0].y
      value: -0.00022292137
      objectReference: {fileID: 0}
    - target: {fileID: 545210889, guid: b333b68e420ef824c94f6c7fe4ede62d, type: 3}
      propertyPath: m_TranslationOffsets.Array.data[0].z
      value: 0.00072226673
      objectReference: {fileID: 0}
    - target: {fileID: 1479469848, guid: b333b68e420ef824c94f6c7fe4ede62d, type: 3}
      propertyPath: m_RotationOffsets.Array.data[0].x
      value: -84.39604
      objectReference: {fileID: 0}
    - target: {fileID: 1479469848, guid: b333b68e420ef824c94f6c7fe4ede62d, type: 3}
      propertyPath: m_RotationOffsets.Array.data[0].y
      value: 119.05588
      objectReference: {fileID: 0}
    - target: {fileID: 1479469848, guid: b333b68e420ef824c94f6c7fe4ede62d, type: 3}
      propertyPath: m_RotationOffsets.Array.data[0].z
      value: 151.06056
      objectReference: {fileID: 0}
    - target: {fileID: 1479469848, guid: b333b68e420ef824c94f6c7fe4ede62d, type: 3}
      propertyPath: m_TranslationOffsets.Array.data[0].y
      value: -0.001254797
      objectReference: {fileID: 0}
    - target: {fileID: 1479469848, guid: b333b68e420ef824c94f6c7fe4ede62d, type: 3}
      propertyPath: m_TranslationOffsets.Array.data[0].z
      value: 0.00077772886
      objectReference: {fileID: 0}
    - target: {fileID: 1530039703, guid: b333b68e420ef824c94f6c7fe4ede62d, type: 3}
      propertyPath: m_RotationOffsets.Array.data[0].x
      value: 0.62997407
      objectReference: {fileID: 0}
    - target: {fileID: 1530039703, guid: b333b68e420ef824c94f6c7fe4ede62d, type: 3}
      propertyPath: m_RotationOffsets.Array.data[0].y
      value: 177.89577
      objectReference: {fileID: 0}
    - target: {fileID: 1530039703, guid: b333b68e420ef824c94f6c7fe4ede62d, type: 3}
      propertyPath: m_RotationOffsets.Array.data[0].z
      value: -90.59384
      objectReference: {fileID: 0}
    - target: {fileID: 1530039703, guid: b333b68e420ef824c94f6c7fe4ede62d, type: 3}
      propertyPath: m_TranslationOffsets.Array.data[0].x
      value: -0.0041365027
      objectReference: {fileID: 0}
    - target: {fileID: 1530039703, guid: b333b68e420ef824c94f6c7fe4ede62d, type: 3}
      propertyPath: m_TranslationOffsets.Array.data[0].y
      value: -0.016624928
      objectReference: {fileID: 0}
    - target: {fileID: 1530039703, guid: b333b68e420ef824c94f6c7fe4ede62d, type: 3}
      propertyPath: m_TranslationOffsets.Array.data[0].z
      value: 0.0005042553
      objectReference: {fileID: 0}
    - target: {fileID: 622856378563413442, guid: b333b68e420ef824c94f6c7fe4ede62d, type: 3}
      propertyPath: m_LocalPosition.x
      value: -0.47141805
      objectReference: {fileID: 0}
    - target: {fileID: 622856378563413442, guid: b333b68e420ef824c94f6c7fe4ede62d, type: 3}
      propertyPath: m_LocalPosition.y
      value: 1.4511741
      objectReference: {fileID: 0}
    - target: {fileID: 622856378563413442, guid: b333b68e420ef824c94f6c7fe4ede62d, type: 3}
      propertyPath: m_LocalPosition.z
      value: -0.036753163
      objectReference: {fileID: 0}
    - target: {fileID: 622856378563413442, guid: b333b68e420ef824c94f6c7fe4ede62d, type: 3}
      propertyPath: m_LocalRotation.w
      value: 0.7195643
      objectReference: {fileID: 0}
    - target: {fileID: 622856378563413442, guid: b333b68e420ef824c94f6c7fe4ede62d, type: 3}
      propertyPath: m_LocalRotation.x
      value: -0.060523085
      objectReference: {fileID: 0}
    - target: {fileID: 622856378563413442, guid: b333b68e420ef824c94f6c7fe4ede62d, type: 3}
      propertyPath: m_LocalRotation.y
      value: 0.06402534
      objectReference: {fileID: 0}
    - target: {fileID: 622856378563413442, guid: b333b68e420ef824c94f6c7fe4ede62d, type: 3}
      propertyPath: m_LocalRotation.z
      value: 0.68881416
      objectReference: {fileID: 0}
    - target: {fileID: 622856378613169491, guid: b333b68e420ef824c94f6c7fe4ede62d, type: 3}
      propertyPath: m_LocalPosition.x
      value: 0.5016504
      objectReference: {fileID: 0}
    - target: {fileID: 622856378613169491, guid: b333b68e420ef824c94f6c7fe4ede62d, type: 3}
      propertyPath: m_LocalPosition.y
      value: 1.4511732
      objectReference: {fileID: 0}
    - target: {fileID: 622856378613169491, guid: b333b68e420ef824c94f6c7fe4ede62d, type: 3}
      propertyPath: m_LocalPosition.z
      value: -0.036753118
      objectReference: {fileID: 0}
    - target: {fileID: 622856378613169491, guid: b333b68e420ef824c94f6c7fe4ede62d, type: 3}
      propertyPath: m_LocalRotation.w
      value: 0.6954639
      objectReference: {fileID: 0}
    - target: {fileID: 622856378613169491, guid: b333b68e420ef824c94f6c7fe4ede62d, type: 3}
      propertyPath: m_LocalRotation.x
      value: -0.00013379818
      objectReference: {fileID: 0}
    - target: {fileID: 622856378613169491, guid: b333b68e420ef824c94f6c7fe4ede62d, type: 3}
      propertyPath: m_LocalRotation.y
      value: -0.0008240202
      objectReference: {fileID: 0}
    - target: {fileID: 622856378613169491, guid: b333b68e420ef824c94f6c7fe4ede62d, type: 3}
      propertyPath: m_LocalRotation.z
      value: -0.71856064
      objectReference: {fileID: 0}
    - target: {fileID: 744727171466108087, guid: b333b68e420ef824c94f6c7fe4ede62d, type: 3}
      propertyPath: m_LocalPosition.x
      value: 0.060910918
      objectReference: {fileID: 0}
    - target: {fileID: 744727171466108087, guid: b333b68e420ef824c94f6c7fe4ede62d, type: 3}
      propertyPath: m_LocalPosition.y
      value: 0.6964896
      objectReference: {fileID: 0}
    - target: {fileID: 744727171466108087, guid: b333b68e420ef824c94f6c7fe4ede62d, type: 3}
      propertyPath: m_LocalPosition.z
      value: 0.000002861023
      objectReference: {fileID: 0}
    - target: {fileID: 744727171466108087, guid: b333b68e420ef824c94f6c7fe4ede62d, type: 3}
      propertyPath: m_LocalRotation.w
      value: 0.76369476
      objectReference: {fileID: 0}
    - target: {fileID: 744727171466108087, guid: b333b68e420ef824c94f6c7fe4ede62d, type: 3}
      propertyPath: m_LocalRotation.x
      value: -0.09929363
      objectReference: {fileID: 0}
    - target: {fileID: 744727171466108087, guid: b333b68e420ef824c94f6c7fe4ede62d, type: 3}
      propertyPath: m_LocalRotation.y
      value: -0.63713604
      objectReference: {fileID: 0}
    - target: {fileID: 744727171466108087, guid: b333b68e420ef824c94f6c7fe4ede62d, type: 3}
      propertyPath: m_LocalRotation.z
      value: -0.03112585
      objectReference: {fileID: 0}
    - target: {fileID: 3944847436095240077, guid: b333b68e420ef824c94f6c7fe4ede62d, type: 3}
      propertyPath: m_LocalPosition.x
      value: 0.00000028312206
      objectReference: {fileID: 0}
    - target: {fileID: 3944847436095240077, guid: b333b68e420ef824c94f6c7fe4ede62d, type: 3}
      propertyPath: m_LocalPosition.y
      value: 0.583
      objectReference: {fileID: 0}
    - target: {fileID: 3944847436095240077, guid: b333b68e420ef824c94f6c7fe4ede62d, type: 3}
      propertyPath: m_LocalPosition.z
      value: -0.0000010505319
      objectReference: {fileID: 0}
    - target: {fileID: 4595703310169832779, guid: b333b68e420ef824c94f6c7fe4ede62d, type: 3}
      propertyPath: m_LocalPosition.x
      value: -0.02285599
      objectReference: {fileID: 0}
    - target: {fileID: 4595703310169832779, guid: b333b68e420ef824c94f6c7fe4ede62d, type: 3}
      propertyPath: m_LocalPosition.y
      value: 0.34218463
      objectReference: {fileID: 0}
    - target: {fileID: 4595703310169832779, guid: b333b68e420ef824c94f6c7fe4ede62d, type: 3}
      propertyPath: m_LocalPosition.z
      value: 0.002220139
      objectReference: {fileID: 0}
    - target: {fileID: 4595703310169832779, guid: b333b68e420ef824c94f6c7fe4ede62d, type: 3}
      propertyPath: m_LocalRotation.x
      value: -0.1526485
      objectReference: {fileID: 0}
    - target: {fileID: 4595703310169832779, guid: b333b68e420ef824c94f6c7fe4ede62d, type: 3}
      propertyPath: m_LocalRotation.y
      value: 0.00466077
      objectReference: {fileID: 0}
    - target: {fileID: 4595703310169832779, guid: b333b68e420ef824c94f6c7fe4ede62d, type: 3}
      propertyPath: m_LocalRotation.z
      value: 0.011737152
      objectReference: {fileID: 0}
    - target: {fileID: 5612783499325411069, guid: b333b68e420ef824c94f6c7fe4ede62d, type: 3}
      propertyPath: m_RotationOffsets.Array.data[0].z
      value: -90.000046
      objectReference: {fileID: 0}
    - target: {fileID: 5697568003102857190, guid: b333b68e420ef824c94f6c7fe4ede62d, type: 3}
      propertyPath: m_LocalPosition.x
      value: 0.00000012852252
      objectReference: {fileID: 0}
    - target: {fileID: 5697568003102857190, guid: b333b68e420ef824c94f6c7fe4ede62d, type: 3}
      propertyPath: m_LocalPosition.y
      value: 0.6490002
      objectReference: {fileID: 0}
    - target: {fileID: 5697568003102857190, guid: b333b68e420ef824c94f6c7fe4ede62d, type: 3}
      propertyPath: m_LocalPosition.z
      value: -0.00000067055225
      objectReference: {fileID: 0}
    - target: {fileID: 5697568003102857190, guid: b333b68e420ef824c94f6c7fe4ede62d, type: 3}
      propertyPath: m_LocalRotation.w
      value: 0.9999965
      objectReference: {fileID: 0}
    - target: {fileID: 5697568003102857190, guid: b333b68e420ef824c94f6c7fe4ede62d, type: 3}
      propertyPath: m_LocalRotation.x
      value: -0.0000000012441523
      objectReference: {fileID: 0}
    - target: {fileID: 5697568003102857190, guid: b333b68e420ef824c94f6c7fe4ede62d, type: 3}
      propertyPath: m_LocalRotation.y
      value: -0.0026576854
      objectReference: {fileID: 0}
    - target: {fileID: 5697568003102857190, guid: b333b68e420ef824c94f6c7fe4ede62d, type: 3}
      propertyPath: m_LocalRotation.z
      value: 0.00000046813213
      objectReference: {fileID: 0}
    - target: {fileID: 7921585785787455159, guid: b333b68e420ef824c94f6c7fe4ede62d, type: 3}
      propertyPath: m_RotationAtRest.x
      value: 0
      objectReference: {fileID: 0}
    - target: {fileID: 7921585785787455159, guid: b333b68e420ef824c94f6c7fe4ede62d, type: 3}
      propertyPath: m_RotationAtRest.y
      value: -0.3045485
      objectReference: {fileID: 0}
    - target: {fileID: 7921585785787455159, guid: b333b68e420ef824c94f6c7fe4ede62d, type: 3}
      propertyPath: m_RotationAtRest.z
      value: 0
      objectReference: {fileID: 0}
    - target: {fileID: 7921585785787455159, guid: b333b68e420ef824c94f6c7fe4ede62d, type: 3}
      propertyPath: m_TranslationAtRest.x
      value: 0
      objectReference: {fileID: 0}
    - target: {fileID: 7921585785787455159, guid: b333b68e420ef824c94f6c7fe4ede62d, type: 3}
      propertyPath: m_TranslationAtRest.y
      value: 0.6490002
      objectReference: {fileID: 0}
    - target: {fileID: 7921585785787455159, guid: b333b68e420ef824c94f6c7fe4ede62d, type: 3}
      propertyPath: m_TranslationAtRest.z
      value: 0
      objectReference: {fileID: 0}
    - target: {fileID: 7921585785787455159, guid: b333b68e420ef824c94f6c7fe4ede62d, type: 3}
      propertyPath: m_RotationOffsets.Array.data[0].x
      value: -1.8694578
      objectReference: {fileID: 0}
    - target: {fileID: 7921585785787455159, guid: b333b68e420ef824c94f6c7fe4ede62d, type: 3}
      propertyPath: m_RotationOffsets.Array.data[0].y
      value: 84.883675
      objectReference: {fileID: 0}
    - target: {fileID: 7921585785787455159, guid: b333b68e420ef824c94f6c7fe4ede62d, type: 3}
      propertyPath: m_RotationOffsets.Array.data[0].z
      value: 0.11274301
      objectReference: {fileID: 0}
    - target: {fileID: 7921585785787455159, guid: b333b68e420ef824c94f6c7fe4ede62d, type: 3}
      propertyPath: m_TranslationOffsets.Array.data[0].x
      value: -0.018572569
      objectReference: {fileID: 0}
    - target: {fileID: 7921585785787455159, guid: b333b68e420ef824c94f6c7fe4ede62d, type: 3}
      propertyPath: m_TranslationOffsets.Array.data[0].y
      value: -0.0189296
      objectReference: {fileID: 0}
    - target: {fileID: 7921585785787455159, guid: b333b68e420ef824c94f6c7fe4ede62d, type: 3}
      propertyPath: m_TranslationOffsets.Array.data[0].z
      value: 0.024360988
      objectReference: {fileID: 0}
    - target: {fileID: 8446256779047230854, guid: b333b68e420ef824c94f6c7fe4ede62d, type: 3}
      propertyPath: m_LocalPosition.x
      value: 0.06613656
      objectReference: {fileID: 0}
    - target: {fileID: 8446256779047230854, guid: b333b68e420ef824c94f6c7fe4ede62d, type: 3}
      propertyPath: m_LocalPosition.y
      value: 0.6789224
      objectReference: {fileID: 0}
    - target: {fileID: 8446256779047230854, guid: b333b68e420ef824c94f6c7fe4ede62d, type: 3}
      propertyPath: m_LocalPosition.z
      value: 0.06300071
      objectReference: {fileID: 0}
    - target: {fileID: 8446256779047230854, guid: b333b68e420ef824c94f6c7fe4ede62d, type: 3}
      propertyPath: m_LocalRotation.w
      value: 0.68895113
      objectReference: {fileID: 0}
    - target: {fileID: 8446256779047230854, guid: b333b68e420ef824c94f6c7fe4ede62d, type: 3}
      propertyPath: m_LocalRotation.x
      value: 0.71888053
      objectReference: {fileID: 0}
    - target: {fileID: 8446256779047230854, guid: b333b68e420ef824c94f6c7fe4ede62d, type: 3}
      propertyPath: m_LocalRotation.y
      value: 0.08405463
      objectReference: {fileID: 0}
    - target: {fileID: 8446256779047230854, guid: b333b68e420ef824c94f6c7fe4ede62d, type: 3}
      propertyPath: m_LocalRotation.z
      value: 0.038626704
      objectReference: {fileID: 0}
    - target: {fileID: 8528760542155092881, guid: b333b68e420ef824c94f6c7fe4ede62d, type: 3}
      propertyPath: m_Name
      value: Avatar (2)
      objectReference: {fileID: 0}
    - target: {fileID: 8528760542155092881, guid: b333b68e420ef824c94f6c7fe4ede62d, type: 3}
      propertyPath: m_IsActive
      value: 1
      objectReference: {fileID: 0}
    - target: {fileID: 8528760542155092884, guid: b333b68e420ef824c94f6c7fe4ede62d, type: 3}
      propertyPath: m_RootOrder
      value: 4
      objectReference: {fileID: 0}
    - target: {fileID: 8528760542155092884, guid: b333b68e420ef824c94f6c7fe4ede62d, type: 3}
      propertyPath: m_LocalPosition.x
      value: 0
      objectReference: {fileID: 0}
    - target: {fileID: 8528760542155092884, guid: b333b68e420ef824c94f6c7fe4ede62d, type: 3}
      propertyPath: m_LocalPosition.y
      value: 0
      objectReference: {fileID: 0}
    - target: {fileID: 8528760542155092884, guid: b333b68e420ef824c94f6c7fe4ede62d, type: 3}
      propertyPath: m_LocalPosition.z
      value: 0
      objectReference: {fileID: 0}
    - target: {fileID: 8528760542155092884, guid: b333b68e420ef824c94f6c7fe4ede62d, type: 3}
      propertyPath: m_LocalRotation.w
      value: 1
      objectReference: {fileID: 0}
    - target: {fileID: 8528760542155092884, guid: b333b68e420ef824c94f6c7fe4ede62d, type: 3}
      propertyPath: m_LocalRotation.x
      value: 0
      objectReference: {fileID: 0}
    - target: {fileID: 8528760542155092884, guid: b333b68e420ef824c94f6c7fe4ede62d, type: 3}
      propertyPath: m_LocalRotation.y
      value: 0
      objectReference: {fileID: 0}
    - target: {fileID: 8528760542155092884, guid: b333b68e420ef824c94f6c7fe4ede62d, type: 3}
      propertyPath: m_LocalRotation.z
      value: 0
      objectReference: {fileID: 0}
    - target: {fileID: 8528760542155092884, guid: b333b68e420ef824c94f6c7fe4ede62d, type: 3}
      propertyPath: m_LocalEulerAnglesHint.x
      value: 0
      objectReference: {fileID: 0}
    - target: {fileID: 8528760542155092884, guid: b333b68e420ef824c94f6c7fe4ede62d, type: 3}
      propertyPath: m_LocalEulerAnglesHint.y
      value: 0
      objectReference: {fileID: 0}
    - target: {fileID: 8528760542155092884, guid: b333b68e420ef824c94f6c7fe4ede62d, type: 3}
      propertyPath: m_LocalEulerAnglesHint.z
      value: 0
      objectReference: {fileID: 0}
    - target: {fileID: 8528760542155092885, guid: b333b68e420ef824c94f6c7fe4ede62d, type: 3}
      propertyPath: head.vrTarget
      value: 
      objectReference: {fileID: 9191414096190780406}
    - target: {fileID: 8528760542155092885, guid: b333b68e420ef824c94f6c7fe4ede62d, type: 3}
      propertyPath: leftHand.vrTarget
      value: 
      objectReference: {fileID: 2947207888666171908}
    - target: {fileID: 8528760542155092885, guid: b333b68e420ef824c94f6c7fe4ede62d, type: 3}
      propertyPath: networkController
      value: 
      objectReference: {fileID: 3131134430048080626}
    - target: {fileID: 8528760542155092885, guid: b333b68e420ef824c94f6c7fe4ede62d, type: 3}
      propertyPath: rightHand.vrTarget
      value: 
      objectReference: {fileID: 4232542799848526633}
    - target: {fileID: 8528760542155092885, guid: b333b68e420ef824c94f6c7fe4ede62d, type: 3}
      propertyPath: networkAvatarAnimationSmoothing
      value: 2
      objectReference: {fileID: 0}
    m_RemovedComponents: []
  m_SourcePrefab: {fileID: 100100000, guid: b333b68e420ef824c94f6c7fe4ede62d, type: 3}
