%YAML 1.1
%TAG !u! tag:unity3d.com,2011:
--- !u!1 &2008271922187468435
GameObject:
  m_ObjectHideFlags: 0
  m_CorrespondingSourceObject: {fileID: 0}
  m_PrefabInstance: {fileID: 0}
  m_PrefabAsset: {fileID: 0}
  serializedVersion: 6
  m_Component:
  - component: {fileID: 1194861279843427369}
  - component: {fileID: 5068230668369687051}
  - component: {fileID: 5313292203214349174}
  - component: {fileID: 8145422865333748976}
  - component: {fileID: 4348561453388025716}
  - component: {fileID: 781459722191404885}
  - component: {fileID: 7952873440104998673}
  - component: {fileID: 4423616022654714747}
  m_Layer: 0
  m_Name: JerigenWhisperV
  m_TagString: Untagged
  m_Icon: {fileID: 0}
  m_NavMeshLayer: 0
  m_StaticEditorFlags: 0
  m_IsActive: 1
--- !u!4 &1194861279843427369
Transform:
  m_ObjectHideFlags: 0
  m_CorrespondingSourceObject: {fileID: 0}
  m_PrefabInstance: {fileID: 0}
  m_PrefabAsset: {fileID: 0}
  m_GameObject: {fileID: 2008271922187468435}
  m_LocalRotation: {x: 0, y: 0, z: 0, w: 1}
  m_LocalPosition: {x: 0, y: 0, z: 0}
  m_LocalScale: {x: 1, y: 1, z: 1}
  m_Children:
  - {fileID: 8239877415104320448}
  - {fileID: 4278064037309434871}
  m_Father: {fileID: 0}
  m_RootOrder: 0
  m_LocalEulerAnglesHint: {x: 0, y: 0, z: 0}
--- !u!65 &5068230668369687051
BoxCollider:
  m_ObjectHideFlags: 0
  m_CorrespondingSourceObject: {fileID: 0}
  m_PrefabInstance: {fileID: 0}
  m_PrefabAsset: {fileID: 0}
  m_GameObject: {fileID: 2008271922187468435}
  m_Material: {fileID: 0}
  m_IsTrigger: 0
  m_Enabled: 1
  serializedVersion: 2
  m_Size: {x: 0.23409231, y: 0.4714799, z: 0.32838106}
  m_Center: {x: -0.000000007450581, y: 0.0053236485, z: 0.010764688}
--- !u!114 &5313292203214349174
MonoBehaviour:
  m_ObjectHideFlags: 0
  m_CorrespondingSourceObject: {fileID: 0}
  m_PrefabInstance: {fileID: 0}
  m_PrefabAsset: {fileID: 0}
  m_GameObject: {fileID: 2008271922187468435}
  m_Enabled: 1
  m_EditorHideFlags: 0
  m_Script: {fileID: 11500000, guid: 5908796552e1e42428604367f122be60, type: 3}
  m_Name: 
  m_EditorClassIdentifier: 
  serializationData:
    SerializedFormat: 2
    SerializedBytes: 
    ReferencedUnityObjects: []
    SerializedBytesString: 
    Prefab: {fileID: 0}
    PrefabModificationsReferencedUnityObjects: []
    PrefabModifications: []
    SerializationNodes:
    - Name: _hologramList
      Entry: 7
      Data: 0|System.Collections.Generic.Dictionary`2[[UnityEngine.MeshRenderer,
        UnityEngine.CoreModule],[UnityEngine.MeshRenderer, UnityEngine.CoreModule]],
        mscorlib
    - Name: comparer
      Entry: 7
      Data: 1|System.Collections.Generic.ObjectEqualityComparer`1[[UnityEngine.MeshRenderer,
        UnityEngine.CoreModule]], mscorlib
    - Name: 
      Entry: 8
      Data: 
    - Name: 
      Entry: 12
      Data: 0
    - Name: 
      Entry: 13
      Data: 
    - Name: 
      Entry: 8
      Data: 
    - Name: hologramAction
      Entry: 6
      Data: 
  id: 33
  _linearException: 0
  outlineList: []
  profile: {fileID: 11400000, guid: 0a2deb2dd0cbf1d429436463ad415fec, type: 2}
  isKinematic: 1
  tool: {fileID: 0}
  toolNeedSocket: 0
  remainsKinematic: 0
  remainsTrigger: 0
  lockPosX: 0
  lockPosY: 0
  lockPosZ: 0
  lockRotX: 0
  lockRotY: 0
  lockRotZ: 0
  onSocketed:
    m_PersistentCalls:
      m_Calls: []
  onUnSocketed:
    m_PersistentCalls:
      m_Calls: []
  onHandGrabbed:
    m_PersistentCalls:
      m_Calls: []
  onHandReleased:
    m_PersistentCalls:
      m_Calls: []
  _itemLock: 0
  _toolsLock: 0
  _linearLock: 0
  grabbable: {fileID: 8145422865333748976}
  socketable: {fileID: 0}
  socket: {fileID: 0}
  targetSocket: {fileID: 0}
  rb: {fileID: 781459722191404885}
  _hologramListParent: {fileID: 0}
  hologramRB: {fileID: 0}
  isInit: 0
  higherItemList: []
  connection: 0
--- !u!114 &8145422865333748976
MonoBehaviour:
  m_ObjectHideFlags: 0
  m_CorrespondingSourceObject: {fileID: 0}
  m_PrefabInstance: {fileID: 0}
  m_PrefabAsset: {fileID: 0}
  m_GameObject: {fileID: 2008271922187468435}
  m_Enabled: 1
  m_EditorHideFlags: 0
  m_Script: {fileID: 11500000, guid: 6ebc937e678155e4d86feeb9248cca97, type: 3}
  m_Name: 
  m_EditorClassIdentifier: 
  AllowMultiplayerSwap: 0
  GrabType: 0
  TrackingType: 0
  HoldType: 1
  GrabControl: 0
  OverrideGrabTrigger: 0
  GrabTrigger: 0
  RequireLineOfSight: 1
  EnableInvisibleHand: 0
  PhysicsPoserFallback: 1
  ParentHandModelImmediately: 0
  ParentHandModel: 1
  BreakDistance: 1
  RemainsKinematic: 0
  Stationary: 0
  ReleasedAngularConversionFactor: 0
  ReleasedVelocityFactor: 1
  ReleasedAngularFactor: 1
  GrabIndicator: {fileID: 0}
  ForceGrabIndicator: {fileID: 0}
  ShowGrabIndicator: 1
  ShowTriggerGrabIndicator: 1
  ShowForceGrabIndicator: 1
  LeftForceGrabberGrabPoint: {fileID: 0}
  RightForceGrabberGrabPoint: {fileID: 0}
  UseDefaultHighlighter: 1
  ForceGrabberHighlighter: {fileID: 0}
  ForceGrabbable: 1
  ForcePullOverride: {fileID: 0}
  JointOverride: {fileID: 0}
  OneHandJointSettings: {fileID: 0}
  TwoHandJointSettings: {fileID: 0}
  PullingSettingsOverride: {fileID: 0}
  PalmCenterOfMass: 0
  CanJointBreak: 0
  JointBreakForce: 2000
  JointBreakTorque: 2000
  HandGrabbedClip: {fileID: 0}
  StartingSocket: {fileID: 0}
  LinkStartingSocket: 0
  AutoApplyLayer: 0
  RequireOverlapClearance: 1
  OverlapTimeout: 0.5
  FinalJointMaxAngle: 3
  FinalJointQuick: 1
  FinalJointTimeout: 2
  CollisionParents: []
  ExtraIgnoreCollisionParents: []
  GrabColliders: []
  ConsiderGrabPointAngle: 1
  UseColliderClosestPoint: 1
  DisableHandCollision: 0
  CollisionDetection: 2
  ShowBoundingBox: 0
  DrawCenterOfMass: 0
  GrabPoints: []
  Deactivated:
    m_PersistentCalls:
      m_Calls: []
  Activated:
    m_PersistentCalls:
      m_Calls: []
  Grabbed:
    m_PersistentCalls:
      m_Calls: []
  Released:
    m_PersistentCalls:
      m_Calls: []
  HoverEnter:
    m_PersistentCalls:
      m_Calls: []
  HoverExit:
    m_PersistentCalls:
      m_Calls: []
  Collided:
    m_PersistentCalls:
      m_Calls: []
  Destroyed:
    m_PersistentCalls:
      m_Calls: []
  HandGrabbed:
    m_PersistentCalls:
      m_Calls: []
  HandReleased:
    m_PersistentCalls:
      m_Calls: []
  HandFullReleased:
    m_PersistentCalls:
      m_Calls: []
  Socketed:
    m_PersistentCalls:
      m_Calls: []
  UnSocketed:
    m_PersistentCalls:
      m_Calls: []
  Grabbers: []
  HandGrabbers: []
  Stabbers: []
  Stabbable: {fileID: 0}
  linearLock: 0
--- !u!114 &4348561453388025716
MonoBehaviour:
  m_ObjectHideFlags: 0
  m_CorrespondingSourceObject: {fileID: 0}
  m_PrefabInstance: {fileID: 0}
  m_PrefabAsset: {fileID: 0}
  m_GameObject: {fileID: 2008271922187468435}
  m_Enabled: 1
  m_EditorHideFlags: 0
  m_Script: {fileID: 11500000, guid: 3beec44a823dec442bb0f153ce08d32f, type: 3}
  m_Name: 
  m_EditorClassIdentifier: 
  SocketOrientation: {fileID: 0}
  SocketScale: 1
  CounterScale: {x: 1, y: 1, z: 1}
  ScaleOverride: {fileID: 0}
  SocketedClip: {fileID: 0}
  UnsocketedClip: {fileID: 0}
  LinkedGrabbables: []
  objectProfile: {fileID: 11400000, guid: 0a2deb2dd0cbf1d429436463ad415fec, type: 2}
--- !u!54 &781459722191404885
Rigidbody:
  m_ObjectHideFlags: 0
  m_CorrespondingSourceObject: {fileID: 0}
  m_PrefabInstance: {fileID: 0}
  m_PrefabAsset: {fileID: 0}
  m_GameObject: {fileID: 2008271922187468435}
  serializedVersion: 2
  m_Mass: 1
  m_Drag: 0
  m_AngularDrag: 0.05
  m_UseGravity: 0
  m_IsKinematic: 1
  m_Interpolate: 0
  m_Constraints: 0
  m_CollisionDetection: 0
--- !u!114 &7952873440104998673
MonoBehaviour:
  m_ObjectHideFlags: 0
  m_CorrespondingSourceObject: {fileID: 0}
  m_PrefabInstance: {fileID: 0}
  m_PrefabAsset: {fileID: 0}
  m_GameObject: {fileID: 2008271922187468435}
  m_Enabled: 1
  m_EditorHideFlags: 0
  m_Script: {fileID: 11500000, guid: aa584fbee541324448dd18d8409c7a41, type: 3}
  m_Name: 
  m_EditorClassIdentifier: 
  ObservedComponentsFoldoutOpen: 1
  Group: 0
  prefixField: -1
  Synchronization: 3
  OwnershipTransfer: 2
  observableSearch: 2
  ObservedComponents: []
  sceneViewId: 0
  InstantiationId: 0
  isRuntimeInstantiated: 0
--- !u!114 &4423616022654714747
MonoBehaviour:
  m_ObjectHideFlags: 0
  m_CorrespondingSourceObject: {fileID: 0}
  m_PrefabInstance: {fileID: 0}
  m_PrefabAsset: {fileID: 0}
  m_GameObject: {fileID: 2008271922187468435}
  m_Enabled: 1
  m_EditorHideFlags: 0
  m_Script: {fileID: 11500000, guid: 7ce9c34a22794914f8f5faa6adc85f22, type: 3}
  m_Name: 
  m_EditorClassIdentifier: 
  toolID: 14
  OnToolTriggeredOn:
    m_PersistentCalls:
      m_Calls: []
  OnToolTriggeredOff:
    m_PersistentCalls:
      m_Calls: []
--- !u!1 &6185546218476659360
GameObject:
  m_ObjectHideFlags: 0
  m_CorrespondingSourceObject: {fileID: 0}
  m_PrefabInstance: {fileID: 0}
  m_PrefabAsset: {fileID: 0}
  serializedVersion: 6
  m_Component:
  - component: {fileID: 8239877415104320448}
  - component: {fileID: 8170448194288240431}
  - component: {fileID: 6422290679067010647}
  m_Layer: 0
  m_Name: TutupJerigen2
  m_TagString: Untagged
  m_Icon: {fileID: 0}
  m_NavMeshLayer: 0
  m_StaticEditorFlags: 0
  m_IsActive: 1
--- !u!4 &8239877415104320448
Transform:
  m_ObjectHideFlags: 0
  m_CorrespondingSourceObject: {fileID: 0}
  m_PrefabInstance: {fileID: 0}
  m_PrefabAsset: {fileID: 0}
  m_GameObject: {fileID: 6185546218476659360}
  m_LocalRotation: {x: 0.00000013767878, y: 0.7071068, z: 0.70710677, w: -0.0000001376788}
  m_LocalPosition: {x: 0.019, y: 0.218, z: -0.038}
  m_LocalScale: {x: 100, y: 100, z: 100}
  m_Children: []
  m_Father: {fileID: 1194861279843427369}
  m_RootOrder: 0
  m_LocalEulerAnglesHint: {x: 0, y: 0, z: 0}
--- !u!33 &8170448194288240431
MeshFilter:
  m_ObjectHideFlags: 0
  m_CorrespondingSourceObject: {fileID: 0}
  m_PrefabInstance: {fileID: 0}
  m_PrefabAsset: {fileID: 0}
  m_GameObject: {fileID: 6185546218476659360}
  m_Mesh: {fileID: 4807117826872604800, guid: a75cf97218772ee489252cde1f03645a, type: 3}
--- !u!23 &6422290679067010647
MeshRenderer:
  m_ObjectHideFlags: 0
  m_CorrespondingSourceObject: {fileID: 0}
  m_PrefabInstance: {fileID: 0}
  m_PrefabAsset: {fileID: 0}
  m_GameObject: {fileID: 6185546218476659360}
  m_Enabled: 1
  m_CastShadows: 1
  m_ReceiveShadows: 1
  m_DynamicOccludee: 1
  m_MotionVectors: 1
  m_LightProbeUsage: 1
  m_ReflectionProbeUsage: 1
  m_RayTracingMode: 2
  m_RayTraceProcedural: 0
  m_RenderingLayerMask: 1
  m_RendererPriority: 0
  m_Materials:
  - {fileID: 2100000, guid: e4c3b0d272e934c4b98c4f3f567803c1, type: 2}
  m_StaticBatchInfo:
    firstSubMesh: 0
    subMeshCount: 0
  m_StaticBatchRoot: {fileID: 0}
  m_ProbeAnchor: {fileID: 0}
  m_LightProbeVolumeOverride: {fileID: 0}
  m_ScaleInLightmap: 1
  m_ReceiveGI: 1
  m_PreserveUVs: 0
  m_IgnoreNormalsForChartDetection: 0
  m_ImportantGI: 0
  m_StitchLightmapSeams: 1
  m_SelectedEditorRenderState: 3
  m_MinimumChartSize: 4
  m_AutoUVMaxDistance: 0.5
  m_AutoUVMaxAngle: 89
  m_LightmapParameters: {fileID: 0}
  m_SortingLayerID: 0
  m_SortingLayer: 0
  m_SortingOrder: 0
  m_AdditionalVertexStreams: {fileID: 0}
--- !u!1 &8514374553632356541
GameObject:
  m_ObjectHideFlags: 0
  m_CorrespondingSourceObject: {fileID: 0}
  m_PrefabInstance: {fileID: 0}
  m_PrefabAsset: {fileID: 0}
  serializedVersion: 6
  m_Component:
  - component: {fileID: 4278064037309434871}
  - component: {fileID: 8185961756482980381}
  - component: {fileID: 1212170476090291417}
  m_Layer: 0
  m_Name: Jerigen2
  m_TagString: Untagged
  m_Icon: {fileID: 0}
  m_NavMeshLayer: 0
  m_StaticEditorFlags: 0
  m_IsActive: 1
--- !u!4 &4278064037309434871
Transform:
  m_ObjectHideFlags: 0
  m_CorrespondingSourceObject: {fileID: 0}
  m_PrefabInstance: {fileID: 0}
  m_PrefabAsset: {fileID: 0}
  m_GameObject: {fileID: 8514374553632356541}
  m_LocalRotation: {x: 0.00000002295606, y: -0.7071073, z: -0.7071063, w: -0.00000002235174}
  m_LocalPosition: {x: 0.018550925, y: -0.22993615, z: 0.047300465}
  m_LocalScale: {x: 100, y: 100, z: 100}
  m_Children: []
  m_Father: {fileID: 1194861279843427369}
  m_RootOrder: 1
  m_LocalEulerAnglesHint: {x: 270, y: 0, z: 180}
--- !u!33 &8185961756482980381
MeshFilter:
  m_ObjectHideFlags: 0
  m_CorrespondingSourceObject: {fileID: 0}
  m_PrefabInstance: {fileID: 0}
  m_PrefabAsset: {fileID: 0}
  m_GameObject: {fileID: 8514374553632356541}
  m_Mesh: {fileID: 4239810631664403969, guid: a75cf97218772ee489252cde1f03645a, type: 3}
--- !u!23 &1212170476090291417
MeshRenderer:
  m_ObjectHideFlags: 0
  m_CorrespondingSourceObject: {fileID: 0}
  m_PrefabInstance: {fileID: 0}
  m_PrefabAsset: {fileID: 0}
  m_GameObject: {fileID: 8514374553632356541}
  m_Enabled: 1
  m_CastShadows: 1
  m_ReceiveShadows: 1
  m_DynamicOccludee: 1
  m_MotionVectors: 1
  m_LightProbeUsage: 1
  m_ReflectionProbeUsage: 1
  m_RayTracingMode: 2
  m_RayTraceProcedural: 0
  m_RenderingLayerMask: 1
  m_RendererPriority: 0
  m_Materials:
  - {fileID: 2100000, guid: e4c3b0d272e934c4b98c4f3f567803c1, type: 2}
  m_StaticBatchInfo:
    firstSubMesh: 0
    subMeshCount: 0
  m_StaticBatchRoot: {fileID: 0}
  m_ProbeAnchor: {fileID: 0}
  m_LightProbeVolumeOverride: {fileID: 0}
  m_ScaleInLightmap: 1
  m_ReceiveGI: 1
  m_PreserveUVs: 0
  m_IgnoreNormalsForChartDetection: 0
  m_ImportantGI: 0
  m_StitchLightmapSeams: 1
  m_SelectedEditorRenderState: 3
  m_MinimumChartSize: 4
  m_AutoUVMaxDistance: 0.5
  m_AutoUVMaxAngle: 89
  m_LightmapParameters: {fileID: 0}
  m_SortingLayerID: 0
  m_SortingLayer: 0
  m_SortingOrder: 0
  m_AdditionalVertexStreams: {fileID: 0}
