%YAML 1.1
%TAG !u! tag:unity3d.com,2011:
--- !u!1 &962514554809880042
GameObject:
  m_ObjectHideFlags: 0
  m_CorrespondingSourceObject: {fileID: 0}
  m_PrefabInstance: {fileID: 0}
  m_PrefabAsset: {fileID: 0}
  serializedVersion: 6
  m_Component:
  - component: {fileID: 6101114135815139542}
  - component: {fileID: 5635786646519558761}
  - component: {fileID: 7334983710616422952}
  m_Layer: 0
  m_Name: KunciInggris
  m_TagString: Untagged
  m_Icon: {fileID: 0}
  m_NavMeshLayer: 0
  m_StaticEditorFlags: 0
  m_IsActive: 1
--- !u!4 &6101114135815139542
Transform:
  m_ObjectHideFlags: 0
  m_CorrespondingSourceObject: {fileID: 0}
  m_PrefabInstance: {fileID: 0}
  m_PrefabAsset: {fileID: 0}
  m_GameObject: {fileID: 962514554809880042}
  m_LocalRotation: {x: -0, y: -0.70710576, z: -0, w: 0.70710784}
  m_LocalPosition: {x: -0.00058817863, y: -0.0004339218, z: 0.28264236}
  m_LocalScale: {x: 1, y: 1, z: 1}
  m_Children: []
  m_Father: {fileID: 1921638976961399777}
  m_RootOrder: 0
  m_LocalEulerAnglesHint: {x: 0, y: 0, z: 0}
--- !u!33 &5635786646519558761
MeshFilter:
  m_ObjectHideFlags: 0
  m_CorrespondingSourceObject: {fileID: 0}
  m_PrefabInstance: {fileID: 0}
  m_PrefabAsset: {fileID: 0}
  m_GameObject: {fileID: 962514554809880042}
  m_Mesh: {fileID: -9110441175310041174, guid: 20b1f358ef90eb549b42aa0a53c7f4c6, type: 3}
--- !u!23 &7334983710616422952
MeshRenderer:
  m_ObjectHideFlags: 0
  m_CorrespondingSourceObject: {fileID: 0}
  m_PrefabInstance: {fileID: 0}
  m_PrefabAsset: {fileID: 0}
  m_GameObject: {fileID: 962514554809880042}
  m_Enabled: 1
  m_CastShadows: 1
  m_ReceiveShadows: 1
  m_DynamicOccludee: 1
  m_MotionVectors: 1
  m_LightProbeUsage: 1
  m_ReflectionProbeUsage: 1
  m_RayTracingMode: 2
  m_RayTraceProcedural: 0
  m_RenderingLayerMask: 1
  m_RendererPriority: 0
  m_Materials:
  - {fileID: 2100000, guid: e3278c69882112646980bff73bc9978e, type: 2}
  m_StaticBatchInfo:
    firstSubMesh: 0
    subMeshCount: 0
  m_StaticBatchRoot: {fileID: 0}
  m_ProbeAnchor: {fileID: 0}
  m_LightProbeVolumeOverride: {fileID: 0}
  m_ScaleInLightmap: 1
  m_ReceiveGI: 1
  m_PreserveUVs: 0
  m_IgnoreNormalsForChartDetection: 0
  m_ImportantGI: 0
  m_StitchLightmapSeams: 1
  m_SelectedEditorRenderState: 3
  m_MinimumChartSize: 4
  m_AutoUVMaxDistance: 0.5
  m_AutoUVMaxAngle: 89
  m_LightmapParameters: {fileID: 0}
  m_SortingLayerID: 0
  m_SortingLayer: 0
  m_SortingOrder: 0
  m_AdditionalVertexStreams: {fileID: 0}
--- !u!1 &1374432348965439819
GameObject:
  m_ObjectHideFlags: 0
  m_CorrespondingSourceObject: {fileID: 0}
  m_PrefabInstance: {fileID: 0}
  m_PrefabAsset: {fileID: 0}
  serializedVersion: 6
  m_Component:
  - component: {fileID: 3854060729841920904}
  - component: {fileID: 7864258217882851216}
  - component: {fileID: 7894772505983673622}
  m_Layer: 0
  m_Name: Tool Trigger
  m_TagString: Untagged
  m_Icon: {fileID: 0}
  m_NavMeshLayer: 0
  m_StaticEditorFlags: 0
  m_IsActive: 1
--- !u!4 &3854060729841920904
Transform:
  m_ObjectHideFlags: 0
  m_CorrespondingSourceObject: {fileID: 0}
  m_PrefabInstance: {fileID: 0}
  m_PrefabAsset: {fileID: 0}
  m_GameObject: {fileID: 1374432348965439819}
  m_LocalRotation: {x: -0, y: -0, z: -0, w: 1}
  m_LocalPosition: {x: 0, y: 0, z: 0}
  m_LocalScale: {x: 1, y: 1, z: 1}
  m_Children: []
  m_Father: {fileID: 7353202669897224013}
  m_RootOrder: 0
  m_LocalEulerAnglesHint: {x: 0, y: 0, z: 0}
--- !u!114 &7864258217882851216
MonoBehaviour:
  m_ObjectHideFlags: 0
  m_CorrespondingSourceObject: {fileID: 0}
  m_PrefabInstance: {fileID: 0}
  m_PrefabAsset: {fileID: 0}
  m_GameObject: {fileID: 1374432348965439819}
  m_Enabled: 1
  m_EditorHideFlags: 0
  m_Script: {fileID: 11500000, guid: 0ba6986436b1cd64796a1df48d59f786, type: 3}
  m_Name: 
  m_EditorClassIdentifier: 
  toolId: Kunci Inggris
  grabbable: {fileID: 4223628284793970614}
  onUsed:
    m_PersistentCalls:
      m_Calls: []
  onUnused:
    m_PersistentCalls:
      m_Calls: []
--- !u!65 &7894772505983673622
BoxCollider:
  m_ObjectHideFlags: 0
  m_CorrespondingSourceObject: {fileID: 0}
  m_PrefabInstance: {fileID: 0}
  m_PrefabAsset: {fileID: 0}
  m_GameObject: {fileID: 1374432348965439819}
  m_Material: {fileID: 0}
  m_IsTrigger: 1
  m_Enabled: 1
  serializedVersion: 2
  m_Size: {x: 0.043147232, y: 0.010169135, z: 0.034667984}
  m_Center: {x: 0, y: 0, z: 0}
--- !u!1 &6983074670470538060
GameObject:
  m_ObjectHideFlags: 0
  m_CorrespondingSourceObject: {fileID: 0}
  m_PrefabInstance: {fileID: 0}
  m_PrefabAsset: {fileID: 0}
  serializedVersion: 6
  m_Component:
  - component: {fileID: 4152019728023230340}
  - component: {fileID: 5844498412520973692}
  - component: {fileID: 4039300111741687659}
  m_Layer: 0
  m_Name: Penjapit
  m_TagString: Untagged
  m_Icon: {fileID: 0}
  m_NavMeshLayer: 0
  m_StaticEditorFlags: 0
  m_IsActive: 1
--- !u!4 &4152019728023230340
Transform:
  m_ObjectHideFlags: 0
  m_CorrespondingSourceObject: {fileID: 0}
  m_PrefabInstance: {fileID: 0}
  m_PrefabAsset: {fileID: 0}
  m_GameObject: {fileID: 6983074670470538060}
  m_LocalRotation: {x: -0, y: -0.70710576, z: -0, w: 0.70710784}
  m_LocalPosition: {x: 0.023412943, y: 0.00018692017, z: 0.014761925}
  m_LocalScale: {x: 1, y: 1, z: 1}
  m_Children: []
  m_Father: {fileID: 1921638976961399777}
  m_RootOrder: 1
  m_LocalEulerAnglesHint: {x: 0, y: 0, z: 0}
--- !u!33 &5844498412520973692
MeshFilter:
  m_ObjectHideFlags: 0
  m_CorrespondingSourceObject: {fileID: 0}
  m_PrefabInstance: {fileID: 0}
  m_PrefabAsset: {fileID: 0}
  m_GameObject: {fileID: 6983074670470538060}
  m_Mesh: {fileID: 3490338557908229515, guid: 20b1f358ef90eb549b42aa0a53c7f4c6, type: 3}
--- !u!23 &4039300111741687659
MeshRenderer:
  m_ObjectHideFlags: 0
  m_CorrespondingSourceObject: {fileID: 0}
  m_PrefabInstance: {fileID: 0}
  m_PrefabAsset: {fileID: 0}
  m_GameObject: {fileID: 6983074670470538060}
  m_Enabled: 1
  m_CastShadows: 1
  m_ReceiveShadows: 1
  m_DynamicOccludee: 1
  m_MotionVectors: 1
  m_LightProbeUsage: 1
  m_ReflectionProbeUsage: 1
  m_RayTracingMode: 2
  m_RayTraceProcedural: 0
  m_RenderingLayerMask: 1
  m_RendererPriority: 0
  m_Materials:
  - {fileID: 2100000, guid: e3278c69882112646980bff73bc9978e, type: 2}
  m_StaticBatchInfo:
    firstSubMesh: 0
    subMeshCount: 0
  m_StaticBatchRoot: {fileID: 0}
  m_ProbeAnchor: {fileID: 0}
  m_LightProbeVolumeOverride: {fileID: 0}
  m_ScaleInLightmap: 1
  m_ReceiveGI: 1
  m_PreserveUVs: 0
  m_IgnoreNormalsForChartDetection: 0
  m_ImportantGI: 0
  m_StitchLightmapSeams: 1
  m_SelectedEditorRenderState: 3
  m_MinimumChartSize: 4
  m_AutoUVMaxDistance: 0.5
  m_AutoUVMaxAngle: 89
  m_LightmapParameters: {fileID: 0}
  m_SortingLayerID: 0
  m_SortingLayer: 0
  m_SortingOrder: 0
  m_AdditionalVertexStreams: {fileID: 0}
--- !u!1 &7272952656459360081
GameObject:
  m_ObjectHideFlags: 0
  m_CorrespondingSourceObject: {fileID: 0}
  m_PrefabInstance: {fileID: 0}
  m_PrefabAsset: {fileID: 0}
  serializedVersion: 6
  m_Component:
  - component: {fileID: 602454781647221807}
  - component: {fileID: 2459209541749813623}
  - component: {fileID: 7879520414627814761}
  m_Layer: 0
  m_Name: Roller
  m_TagString: Untagged
  m_Icon: {fileID: 0}
  m_NavMeshLayer: 0
  m_StaticEditorFlags: 0
  m_IsActive: 1
--- !u!4 &602454781647221807
Transform:
  m_ObjectHideFlags: 0
  m_CorrespondingSourceObject: {fileID: 0}
  m_PrefabInstance: {fileID: 0}
  m_PrefabAsset: {fileID: 0}
  m_GameObject: {fileID: 7272952656459360081}
  m_LocalRotation: {x: 0.5000008, y: -0.49999923, z: 0.4999993, w: 0.5000007}
  m_LocalPosition: {x: -0.0023732185, y: 0.00041103363, z: 0.025677204}
  m_LocalScale: {x: 1, y: 1, z: 1}
  m_Children: []
  m_Father: {fileID: 1921638976961399777}
  m_RootOrder: 2
  m_LocalEulerAnglesHint: {x: 0, y: 0, z: 0}
--- !u!33 &2459209541749813623
MeshFilter:
  m_ObjectHideFlags: 0
  m_CorrespondingSourceObject: {fileID: 0}
  m_PrefabInstance: {fileID: 0}
  m_PrefabAsset: {fileID: 0}
  m_GameObject: {fileID: 7272952656459360081}
  m_Mesh: {fileID: 3487610176172528831, guid: 20b1f358ef90eb549b42aa0a53c7f4c6, type: 3}
--- !u!23 &7879520414627814761
MeshRenderer:
  m_ObjectHideFlags: 0
  m_CorrespondingSourceObject: {fileID: 0}
  m_PrefabInstance: {fileID: 0}
  m_PrefabAsset: {fileID: 0}
  m_GameObject: {fileID: 7272952656459360081}
  m_Enabled: 1
  m_CastShadows: 1
  m_ReceiveShadows: 1
  m_DynamicOccludee: 1
  m_MotionVectors: 1
  m_LightProbeUsage: 1
  m_ReflectionProbeUsage: 1
  m_RayTracingMode: 2
  m_RayTraceProcedural: 0
  m_RenderingLayerMask: 1
  m_RendererPriority: 0
  m_Materials:
  - {fileID: 2100000, guid: e3278c69882112646980bff73bc9978e, type: 2}
  m_StaticBatchInfo:
    firstSubMesh: 0
    subMeshCount: 0
  m_StaticBatchRoot: {fileID: 0}
  m_ProbeAnchor: {fileID: 0}
  m_LightProbeVolumeOverride: {fileID: 0}
  m_ScaleInLightmap: 1
  m_ReceiveGI: 1
  m_PreserveUVs: 0
  m_IgnoreNormalsForChartDetection: 0
  m_ImportantGI: 0
  m_StitchLightmapSeams: 1
  m_SelectedEditorRenderState: 3
  m_MinimumChartSize: 4
  m_AutoUVMaxDistance: 0.5
  m_AutoUVMaxAngle: 89
  m_LightmapParameters: {fileID: 0}
  m_SortingLayerID: 0
  m_SortingLayer: 0
  m_SortingOrder: 0
  m_AdditionalVertexStreams: {fileID: 0}
--- !u!1 &7481015579409220981
GameObject:
  m_ObjectHideFlags: 0
  m_CorrespondingSourceObject: {fileID: 0}
  m_PrefabInstance: {fileID: 0}
  m_PrefabAsset: {fileID: 0}
  serializedVersion: 6
  m_Component:
  - component: {fileID: 1921638976961399777}
  m_Layer: 0
  m_Name: Mesh
  m_TagString: Untagged
  m_Icon: {fileID: 0}
  m_NavMeshLayer: 0
  m_StaticEditorFlags: 0
  m_IsActive: 1
--- !u!4 &1921638976961399777
Transform:
  m_ObjectHideFlags: 0
  m_CorrespondingSourceObject: {fileID: 0}
  m_PrefabInstance: {fileID: 0}
  m_PrefabAsset: {fileID: 0}
  m_GameObject: {fileID: 7481015579409220981}
  m_LocalRotation: {x: 0, y: 0, z: 0, w: 1}
  m_LocalPosition: {x: 0, y: 0, z: 0.03}
  m_LocalScale: {x: 1, y: 1, z: 1}
  m_Children:
  - {fileID: 6101114135815139542}
  - {fileID: 4152019728023230340}
  - {fileID: 602454781647221807}
  m_Father: {fileID: 7353202669897224013}
  m_RootOrder: 1
  m_LocalEulerAnglesHint: {x: 0, y: 0, z: 0}
--- !u!1 &8262091219119887735
GameObject:
  m_ObjectHideFlags: 0
  m_CorrespondingSourceObject: {fileID: 0}
  m_PrefabInstance: {fileID: 0}
  m_PrefabAsset: {fileID: 0}
  serializedVersion: 6
  m_Component:
  - component: {fileID: 7353202669897224013}
  - component: {fileID: 4066943635562687908}
  - component: {fileID: 7429349212295099894}
  - component: {fileID: 4223628284793970614}
  - component: {fileID: 3426582793153669159}
  m_Layer: 0
  m_Name: KunciInggris
  m_TagString: Untagged
  m_Icon: {fileID: 0}
  m_NavMeshLayer: 0
  m_StaticEditorFlags: 0
  m_IsActive: 1
--- !u!4 &7353202669897224013
Transform:
  m_ObjectHideFlags: 0
  m_CorrespondingSourceObject: {fileID: 0}
  m_PrefabInstance: {fileID: 0}
  m_PrefabAsset: {fileID: 0}
  m_GameObject: {fileID: 8262091219119887735}
  m_LocalRotation: {x: 0, y: 0, z: 0, w: 1}
  m_LocalPosition: {x: 0, y: 0, z: 0}
  m_LocalScale: {x: 1, y: 1, z: 1}
  m_Children:
  - {fileID: 3854060729841920904}
  - {fileID: 1921638976961399777}
  m_Father: {fileID: 0}
  m_RootOrder: 0
  m_LocalEulerAnglesHint: {x: 0, y: 0, z: 0}
--- !u!54 &4066943635562687908
Rigidbody:
  m_ObjectHideFlags: 0
  m_CorrespondingSourceObject: {fileID: 0}
  m_PrefabInstance: {fileID: 0}
  m_PrefabAsset: {fileID: 0}
  m_GameObject: {fileID: 8262091219119887735}
  serializedVersion: 2
  m_Mass: 1
  m_Drag: 0
  m_AngularDrag: 0.05
  m_UseGravity: 0
  m_IsKinematic: 1
  m_Interpolate: 0
  m_Constraints: 0
  m_CollisionDetection: 0
--- !u!65 &7429349212295099894
BoxCollider:
  m_ObjectHideFlags: 0
  m_CorrespondingSourceObject: {fileID: 0}
  m_PrefabInstance: {fileID: 0}
  m_PrefabAsset: {fileID: 0}
  m_GameObject: {fileID: 8262091219119887735}
  m_Material: {fileID: 0}
  m_IsTrigger: 0
  m_Enabled: 1
  serializedVersion: 2
  m_Size: {x: 0.05, y: 0.03, z: 0.37}
  m_Center: {x: 0, y: 0, z: 0.15}
--- !u!114 &4223628284793970614
MonoBehaviour:
  m_ObjectHideFlags: 0
  m_CorrespondingSourceObject: {fileID: 0}
  m_PrefabInstance: {fileID: 0}
  m_PrefabAsset: {fileID: 0}
  m_GameObject: {fileID: 8262091219119887735}
  m_Enabled: 1
  m_EditorHideFlags: 0
  m_Script: {fileID: 11500000, guid: 6ebc937e678155e4d86feeb9248cca97, type: 3}
  m_Name: 
  m_EditorClassIdentifier: 
  AllowMultiplayerSwap: 0
  GrabType: 0
  TrackingType: 0
  HoldType: 1
  GrabControl: 0
  OverrideGrabTrigger: 0
  GrabTrigger: 0
  RequireLineOfSight: 1
  EnableInvisibleHand: 0
  PhysicsPoserFallback: 1
  ParentHandModelImmediately: 0
  ParentHandModel: 1
  BreakDistance: 1
  RemainsKinematic: 0
  Stationary: 0
  ReleasedAngularConversionFactor: 0
  ReleasedVelocityFactor: 1
  ReleasedAngularFactor: 1
  GrabIndicator: {fileID: 0}
  ForceGrabIndicator: {fileID: 0}
  ShowGrabIndicator: 1
  ShowTriggerGrabIndicator: 1
  ShowForceGrabIndicator: 1
  LeftForceGrabberGrabPoint: {fileID: 0}
  RightForceGrabberGrabPoint: {fileID: 0}
  UseDefaultHighlighter: 1
  ForceGrabberHighlighter: {fileID: 0}
  ForceGrabbable: 1
  ForcePullOverride: {fileID: 0}
  JointOverride: {fileID: 0}
  OneHandJointSettings: {fileID: 0}
  TwoHandJointSettings: {fileID: 0}
  PullingSettingsOverride: {fileID: 0}
  PalmCenterOfMass: 0
  CanJointBreak: 0
  JointBreakForce: 2000
  JointBreakTorque: 2000
  HandGrabbedClip: {fileID: 0}
  StartingSocket: {fileID: 0}
  LinkStartingSocket: 0
  AutoApplyLayer: 1
  RequireOverlapClearance: 1
  OverlapTimeout: 0.5
  FinalJointMaxAngle: 3
  FinalJointQuick: 1
  FinalJointTimeout: 2
  CollisionParents: []
  ExtraIgnoreCollisionParents: []
  GrabColliders: []
  ConsiderGrabPointAngle: 1
  UseColliderClosestPoint: 1
  DisableHandCollision: 0
  CollisionDetection: 2
  ShowBoundingBox: 0
  DrawCenterOfMass: 0
  GrabPoints: []
  Deactivated:
    m_PersistentCalls:
      m_Calls: []
  Activated:
    m_PersistentCalls:
      m_Calls: []
  Grabbed:
    m_PersistentCalls:
      m_Calls: []
  Released:
    m_PersistentCalls:
      m_Calls: []
  HoverEnter:
    m_PersistentCalls:
      m_Calls: []
  HoverExit:
    m_PersistentCalls:
      m_Calls: []
  Collided:
    m_PersistentCalls:
      m_Calls: []
  Destroyed:
    m_PersistentCalls:
      m_Calls: []
  HandGrabbed:
    m_PersistentCalls:
      m_Calls:
      - m_Target: {fileID: 3426582793153669159}
        m_TargetAssemblyTypeName: SandboxToolsAction, Assembly-CSharp
        m_MethodName: OnGrab
        m_Mode: 1
        m_Arguments:
          m_ObjectArgument: {fileID: 0}
          m_ObjectArgumentAssemblyTypeName: UnityEngine.Object, UnityEngine
          m_IntArgument: 0
          m_FloatArgument: 0
          m_StringArgument: 
          m_BoolArgument: 0
        m_CallState: 2
  HandReleased:
    m_PersistentCalls:
      m_Calls: []
  HandFullReleased:
    m_PersistentCalls:
      m_Calls: []
  Socketed:
    m_PersistentCalls:
      m_Calls: []
  UnSocketed:
    m_PersistentCalls:
      m_Calls: []
  Grabbers: []
  HandGrabbers: []
  Stabbers: []
  Stabbable: {fileID: 0}
  linearLock: 0
--- !u!114 &3426582793153669159
MonoBehaviour:
  m_ObjectHideFlags: 0
  m_CorrespondingSourceObject: {fileID: 0}
  m_PrefabInstance: {fileID: 0}
  m_PrefabAsset: {fileID: 0}
  m_GameObject: {fileID: 8262091219119887735}
  m_Enabled: 1
  m_EditorHideFlags: 0
  m_Script: {fileID: 11500000, guid: 7ce9c34a22794914f8f5faa6adc85f22, type: 3}
  m_Name: 
  m_EditorClassIdentifier: 
  toolID: 4
  OnToolTriggeredOn:
    m_PersistentCalls:
      m_Calls: []
  OnToolTriggeredOff:
    m_PersistentCalls:
      m_Calls: []
