%YAML 1.1
%TAG !u! tag:unity3d.com,2011:
--- !u!1 &3383515513942834959
GameObject:
  m_ObjectHideFlags: 0
  m_CorrespondingSourceObject: {fileID: 0}
  m_PrefabInstance: {fileID: 0}
  m_PrefabAsset: {fileID: 0}
  serializedVersion: 6
  m_Component:
  - component: {fileID: 2720026576067863989}
  - component: {fileID: 1301718787664030224}
  - component: {fileID: 3887825969326218970}
  - component: {fileID: 5919464267530327839}
  - component: {fileID: 2058153696503925413}
  - component: {fileID: 5006865991313291160}
  - component: {fileID: 3257902949399137481}
  - component: {fileID: 8232616045703679579}
  - component: {fileID: 4425163516554808437}
  - component: {fileID: 1997376977750291343}
  - component: {fileID: 769796158213286014}
  m_Layer: 0
  m_Name: Wypall_Basah
  m_TagString: Clean Trigger
  m_Icon: {fileID: 0}
  m_NavMeshLayer: 0
  m_StaticEditorFlags: 0
  m_IsActive: 1
--- !u!4 &2720026576067863989
Transform:
  m_ObjectHideFlags: 0
  m_CorrespondingSourceObject: {fileID: 0}
  m_PrefabInstance: {fileID: 0}
  m_PrefabAsset: {fileID: 0}
  m_GameObject: {fileID: 3383515513942834959}
  m_LocalRotation: {x: 0.7071068, y: -0.00000004214686, z: -0.00000004214685, w: 0.7071067}
  m_LocalPosition: {x: -3.4794893, y: -0.09234536, z: -4.4516864}
  m_LocalScale: {x: 6.2580795, y: 6.2580795, z: 6.2580795}
  m_Children: []
  m_Father: {fileID: 0}
  m_RootOrder: 0
  m_LocalEulerAnglesHint: {x: 0, y: 0, z: 0}
--- !u!33 &1301718787664030224
MeshFilter:
  m_ObjectHideFlags: 0
  m_CorrespondingSourceObject: {fileID: 0}
  m_PrefabInstance: {fileID: 0}
  m_PrefabAsset: {fileID: 0}
  m_GameObject: {fileID: 3383515513942834959}
  m_Mesh: {fileID: 3609539442595306676, guid: f9364e8a84611d946a8333e1af79e406, type: 3}
--- !u!23 &3887825969326218970
MeshRenderer:
  m_ObjectHideFlags: 0
  m_CorrespondingSourceObject: {fileID: 0}
  m_PrefabInstance: {fileID: 0}
  m_PrefabAsset: {fileID: 0}
  m_GameObject: {fileID: 3383515513942834959}
  m_Enabled: 1
  m_CastShadows: 1
  m_ReceiveShadows: 1
  m_DynamicOccludee: 1
  m_MotionVectors: 1
  m_LightProbeUsage: 1
  m_ReflectionProbeUsage: 1
  m_RayTracingMode: 2
  m_RayTraceProcedural: 0
  m_RenderingLayerMask: 1
  m_RendererPriority: 0
  m_Materials:
  - {fileID: 2100000, guid: 387b7ab4b2d2933419f2d4f78e05e4d2, type: 2}
  m_StaticBatchInfo:
    firstSubMesh: 0
    subMeshCount: 0
  m_StaticBatchRoot: {fileID: 0}
  m_ProbeAnchor: {fileID: 0}
  m_LightProbeVolumeOverride: {fileID: 0}
  m_ScaleInLightmap: 1
  m_ReceiveGI: 1
  m_PreserveUVs: 0
  m_IgnoreNormalsForChartDetection: 0
  m_ImportantGI: 0
  m_StitchLightmapSeams: 1
  m_SelectedEditorRenderState: 3
  m_MinimumChartSize: 4
  m_AutoUVMaxDistance: 0.5
  m_AutoUVMaxAngle: 89
  m_LightmapParameters: {fileID: 0}
  m_SortingLayerID: 0
  m_SortingLayer: 0
  m_SortingOrder: 0
  m_AdditionalVertexStreams: {fileID: 0}
--- !u!65 &5919464267530327839
BoxCollider:
  m_ObjectHideFlags: 0
  m_CorrespondingSourceObject: {fileID: 0}
  m_PrefabInstance: {fileID: 0}
  m_PrefabAsset: {fileID: 0}
  m_GameObject: {fileID: 3383515513942834959}
  m_Material: {fileID: 0}
  m_IsTrigger: 0
  m_Enabled: 1
  serializedVersion: 2
  m_Size: {x: 0.030449266, y: 0.03027691, z: 0.0011711437}
  m_Center: {x: 0.000053022504, y: -0.00006444587, z: 0.0012316937}
--- !u!114 &2058153696503925413
MonoBehaviour:
  m_ObjectHideFlags: 0
  m_CorrespondingSourceObject: {fileID: 0}
  m_PrefabInstance: {fileID: 0}
  m_PrefabAsset: {fileID: 0}
  m_GameObject: {fileID: 3383515513942834959}
  m_Enabled: 1
  m_EditorHideFlags: 0
  m_Script: {fileID: 11500000, guid: 5908796552e1e42428604367f122be60, type: 3}
  m_Name: 
  m_EditorClassIdentifier: 
  serializationData:
    SerializedFormat: 2
    SerializedBytes: 
    ReferencedUnityObjects: []
    SerializedBytesString: 
    Prefab: {fileID: 0}
    PrefabModificationsReferencedUnityObjects: []
    PrefabModifications: []
    SerializationNodes:
    - Name: _hologramList
      Entry: 7
      Data: 0|System.Collections.Generic.Dictionary`2[[UnityEngine.MeshRenderer,
        UnityEngine.CoreModule],[UnityEngine.MeshRenderer, UnityEngine.CoreModule]],
        mscorlib
    - Name: comparer
      Entry: 7
      Data: 1|System.Collections.Generic.ObjectEqualityComparer`1[[UnityEngine.MeshRenderer,
        UnityEngine.CoreModule]], mscorlib
    - Name: 
      Entry: 8
      Data: 
    - Name: 
      Entry: 12
      Data: 0
    - Name: 
      Entry: 13
      Data: 
    - Name: 
      Entry: 8
      Data: 
    - Name: hologramAction
      Entry: 6
      Data: 
  id: 8
  _linearException: 0
  outlineList: []
  profile: {fileID: 0}
  isKinematic: 1
  tool: {fileID: 0}
  toolNeedSocket: 0
  remainsKinematic: 0
  remainsTrigger: 0
  lockPosX: 0
  lockPosY: 0
  lockPosZ: 0
  lockRotX: 0
  lockRotY: 0
  lockRotZ: 0
  onSocketed:
    m_PersistentCalls:
      m_Calls: []
  onUnSocketed:
    m_PersistentCalls:
      m_Calls: []
  onHandGrabbed:
    m_PersistentCalls:
      m_Calls: []
  onHandReleased:
    m_PersistentCalls:
      m_Calls: []
  _itemLock: 0
  _toolsLock: 0
  _linearLock: 0
  grabbable: {fileID: 5006865991313291160}
  socketable: {fileID: 0}
  socket: {fileID: 0}
  targetSocket: {fileID: 0}
  rb: {fileID: 8232616045703679579}
  _hologramListParent: {fileID: 0}
  hologramRB: {fileID: 0}
  isInit: 0
  higherItemList: []
  connection: 0
--- !u!114 &5006865991313291160
MonoBehaviour:
  m_ObjectHideFlags: 0
  m_CorrespondingSourceObject: {fileID: 0}
  m_PrefabInstance: {fileID: 0}
  m_PrefabAsset: {fileID: 0}
  m_GameObject: {fileID: 3383515513942834959}
  m_Enabled: 1
  m_EditorHideFlags: 0
  m_Script: {fileID: 11500000, guid: 6ebc937e678155e4d86feeb9248cca97, type: 3}
  m_Name: 
  m_EditorClassIdentifier: 
  AllowMultiplayerSwap: 0
  GrabType: 0
  TrackingType: 0
  HoldType: 1
  GrabControl: 0
  OverrideGrabTrigger: 0
  GrabTrigger: 0
  RequireLineOfSight: 1
  EnableInvisibleHand: 0
  PhysicsPoserFallback: 1
  ParentHandModelImmediately: 0
  ParentHandModel: 1
  BreakDistance: 1
  RemainsKinematic: 0
  Stationary: 0
  ReleasedAngularConversionFactor: 0
  ReleasedVelocityFactor: 1
  ReleasedAngularFactor: 1
  GrabIndicator: {fileID: 0}
  ForceGrabIndicator: {fileID: 0}
  ShowGrabIndicator: 1
  ShowTriggerGrabIndicator: 1
  ShowForceGrabIndicator: 1
  LeftForceGrabberGrabPoint: {fileID: 0}
  RightForceGrabberGrabPoint: {fileID: 0}
  UseDefaultHighlighter: 1
  ForceGrabberHighlighter: {fileID: 0}
  ForceGrabbable: 1
  ForcePullOverride: {fileID: 0}
  JointOverride: {fileID: 0}
  OneHandJointSettings: {fileID: 0}
  TwoHandJointSettings: {fileID: 0}
  PullingSettingsOverride: {fileID: 0}
  PalmCenterOfMass: 0
  CanJointBreak: 0
  JointBreakForce: 2000
  JointBreakTorque: 2000
  HandGrabbedClip: {fileID: 0}
  StartingSocket: {fileID: 0}
  LinkStartingSocket: 0
  AutoApplyLayer: 0
  RequireOverlapClearance: 1
  OverlapTimeout: 0.5
  FinalJointMaxAngle: 3
  FinalJointQuick: 1
  FinalJointTimeout: 2
  CollisionParents: []
  ExtraIgnoreCollisionParents: []
  GrabColliders: []
  ConsiderGrabPointAngle: 1
  UseColliderClosestPoint: 1
  DisableHandCollision: 0
  CollisionDetection: 2
  ShowBoundingBox: 0
  DrawCenterOfMass: 0
  GrabPoints: []
  Deactivated:
    m_PersistentCalls:
      m_Calls: []
  Activated:
    m_PersistentCalls:
      m_Calls: []
  Grabbed:
    m_PersistentCalls:
      m_Calls: []
  Released:
    m_PersistentCalls:
      m_Calls: []
  HoverEnter:
    m_PersistentCalls:
      m_Calls: []
  HoverExit:
    m_PersistentCalls:
      m_Calls: []
  Collided:
    m_PersistentCalls:
      m_Calls: []
  Destroyed:
    m_PersistentCalls:
      m_Calls: []
  HandGrabbed:
    m_PersistentCalls:
      m_Calls:
      - m_Target: {fileID: 769796158213286014}
        m_TargetAssemblyTypeName: SandboxToolsAction, Assembly-CSharp
        m_MethodName: OnGrab
        m_Mode: 1
        m_Arguments:
          m_ObjectArgument: {fileID: 0}
          m_ObjectArgumentAssemblyTypeName: UnityEngine.Object, UnityEngine
          m_IntArgument: 0
          m_FloatArgument: 0
          m_StringArgument: 
          m_BoolArgument: 0
        m_CallState: 2
  HandReleased:
    m_PersistentCalls:
      m_Calls: []
  HandFullReleased:
    m_PersistentCalls:
      m_Calls: []
  Socketed:
    m_PersistentCalls:
      m_Calls: []
  UnSocketed:
    m_PersistentCalls:
      m_Calls: []
  Grabbers: []
  HandGrabbers: []
  Stabbers: []
  Stabbable: {fileID: 0}
  linearLock: 0
--- !u!114 &3257902949399137481
MonoBehaviour:
  m_ObjectHideFlags: 0
  m_CorrespondingSourceObject: {fileID: 0}
  m_PrefabInstance: {fileID: 0}
  m_PrefabAsset: {fileID: 0}
  m_GameObject: {fileID: 3383515513942834959}
  m_Enabled: 1
  m_EditorHideFlags: 0
  m_Script: {fileID: 11500000, guid: 3beec44a823dec442bb0f153ce08d32f, type: 3}
  m_Name: 
  m_EditorClassIdentifier: 
  SocketOrientation: {fileID: 0}
  SocketScale: 1
  CounterScale: {x: 1, y: 1, z: 1}
  ScaleOverride: {fileID: 0}
  SocketedClip: {fileID: 0}
  UnsocketedClip: {fileID: 0}
  LinkedGrabbables: []
  objectProfile: {fileID: 0}
--- !u!54 &8232616045703679579
Rigidbody:
  m_ObjectHideFlags: 0
  m_CorrespondingSourceObject: {fileID: 0}
  m_PrefabInstance: {fileID: 0}
  m_PrefabAsset: {fileID: 0}
  m_GameObject: {fileID: 3383515513942834959}
  serializedVersion: 2
  m_Mass: 0.001
  m_Drag: 0
  m_AngularDrag: 0
  m_UseGravity: 0
  m_IsKinematic: 1
  m_Interpolate: 1
  m_Constraints: 0
  m_CollisionDetection: 3
--- !u!114 &4425163516554808437
MonoBehaviour:
  m_ObjectHideFlags: 0
  m_CorrespondingSourceObject: {fileID: 0}
  m_PrefabInstance: {fileID: 0}
  m_PrefabAsset: {fileID: 0}
  m_GameObject: {fileID: 3383515513942834959}
  m_Enabled: 1
  m_EditorHideFlags: 0
  m_Script: {fileID: 11500000, guid: aa584fbee541324448dd18d8409c7a41, type: 3}
  m_Name: 
  m_EditorClassIdentifier: 
  ObservedComponentsFoldoutOpen: 1
  Group: 0
  prefixField: -1
  Synchronization: 3
  OwnershipTransfer: 2
  observableSearch: 2
  ObservedComponents: []
  sceneViewId: 0
  InstantiationId: 0
  isRuntimeInstantiated: 0
--- !u!114 &1997376977750291343
MonoBehaviour:
  m_ObjectHideFlags: 0
  m_CorrespondingSourceObject: {fileID: 0}
  m_PrefabInstance: {fileID: 0}
  m_PrefabAsset: {fileID: 0}
  m_GameObject: {fileID: 3383515513942834959}
  m_Enabled: 1
  m_EditorHideFlags: 0
  m_Script: {fileID: 11500000, guid: 2be8a48416f841d4fac024c4f1994147, type: 3}
  m_Name: 
  m_EditorClassIdentifier: 
  painterID: Wypall
  paintColor: {r: 1, g: 1, b: 1, a: 1}
  currentBrushMode: 0
  lowStrength: 0.01
  highStrength: 1
  radius: 0.1
  strength: 0.1
  hardness: 1
--- !u!114 &769796158213286014
MonoBehaviour:
  m_ObjectHideFlags: 0
  m_CorrespondingSourceObject: {fileID: 0}
  m_PrefabInstance: {fileID: 0}
  m_PrefabAsset: {fileID: 0}
  m_GameObject: {fileID: 3383515513942834959}
  m_Enabled: 1
  m_EditorHideFlags: 0
  m_Script: {fileID: 11500000, guid: 7ce9c34a22794914f8f5faa6adc85f22, type: 3}
  m_Name: 
  m_EditorClassIdentifier: 
  toolID: 19
  OnToolTriggeredOn:
    m_PersistentCalls:
      m_Calls: []
  OnToolTriggeredOff:
    m_PersistentCalls:
      m_Calls: []
