%YAML 1.1
%TAG !u! tag:unity3d.com,2011:
--- !u!114 &-6760075866819103194
MonoBehaviour:
  m_ObjectHideFlags: 0
  m_CorrespondingSourceObject: {fileID: 0}
  m_PrefabInstance: {fileID: 0}
  m_PrefabAsset: {fileID: 0}
  m_GameObject: {fileID: 0}
  m_Enabled: 1
  m_EditorHideFlags: 0
  m_Script: {fileID: 11500000, guid: 775ad4994fda946d1a5936c7e2dfc785, type: 3}
  m_Name: head
  m_EditorClassIdentifier: 
  particleIndices: 00000000
  m_Blueprint: {fileID: 11400000}
--- !u!114 &-4480702097277564648
MonoBehaviour:
  m_ObjectHideFlags: 0
  m_CorrespondingSourceObject: {fileID: 0}
  m_PrefabInstance: {fileID: 0}
  m_PrefabAsset: {fileID: 0}
  m_GameObject: {fileID: 0}
  m_Enabled: 1
  m_EditorHideFlags: 0
  m_Script: {fileID: 11500000, guid: 775ad4994fda946d1a5936c7e2dfc785, type: 3}
  m_Name: point
  m_EditorClassIdentifier: 
  particleIndices: 53000000
  m_Blueprint: {fileID: 11400000}
--- !u!114 &-2340629830947964514
MonoBehaviour:
  m_ObjectHideFlags: 0
  m_CorrespondingSourceObject: {fileID: 0}
  m_PrefabInstance: {fileID: 0}
  m_PrefabAsset: {fileID: 0}
  m_GameObject: {fileID: 0}
  m_Enabled: 1
  m_EditorHideFlags: 0
  m_Script: {fileID: 11500000, guid: 775ad4994fda946d1a5936c7e2dfc785, type: 3}
  m_Name: tail
  m_EditorClassIdentifier: 
  particleIndices: 69000000
  m_Blueprint: {fileID: 11400000}
--- !u!114 &-155558241668906925
MonoBehaviour:
  m_ObjectHideFlags: 0
  m_CorrespondingSourceObject: {fileID: 0}
  m_PrefabInstance: {fileID: 0}
  m_PrefabAsset: {fileID: 0}
  m_GameObject: {fileID: 0}
  m_Enabled: 1
  m_EditorHideFlags: 0
  m_Script: {fileID: 11500000, guid: 775ad4994fda946d1a5936c7e2dfc785, type: 3}
  m_Name: point
  m_EditorClassIdentifier: 
  particleIndices: 2f000000
  m_Blueprint: {fileID: 11400000}
--- !u!114 &11400000
MonoBehaviour:
  m_ObjectHideFlags: 0
  m_CorrespondingSourceObject: {fileID: 0}
  m_PrefabInstance: {fileID: 0}
  m_PrefabAsset: {fileID: 0}
  m_GameObject: {fileID: 0}
  m_Enabled: 1
  m_EditorHideFlags: 0
  m_Script: {fileID: 11500000, guid: e028b099aa5d14e399bc3d87df5b7737, type: 3}
  m_Name: Air Hose - sterilisasi butterfly valve
  m_EditorClassIdentifier: 
  m_Empty: 0
  m_ActiveParticleCount: 106
  m_InitialActiveParticleCount: 106
  _bounds:
    m_Center: {x: -0.0121564865, y: -0.55893165, z: 0.0030024354}
    m_Extent: {x: 0.9878435, y: 0.5597057, z: 0.0030024354}
  positions:
  - {x: -1, y: -1.0024133, z: 0}
  - {x: -0.97570616, y: -1.0021292, z: 0.000055637185}
  - {x: -0.9510356, y: -1.0018766, z: 0.00016371111}
  - {x: -0.92669857, y: -1.001912, z: 0.0002907359}
  - {x: -0.90214485, y: -1.0022835, z: 0.0004296873}
  - {x: -0.8775829, y: -1.0030007, z: 0.0005750237}
  - {x: -0.8530791, y: -1.0040572, z: 0.0007238477}
  - {x: -0.8286368, y: -1.0054424, z: 0.0008745973}
  - {x: -0.80423266, y: -1.0071473, z: 0.0010264139}
  - {x: -0.7798328, y: -1.009165, z: 0.0011788222}
  - {x: -0.7554002, y: -1.0114908, z: 0.00133156}
  - {x: -0.7308991, y: -1.0141221, z: 0.0014844842}
  - {x: -0.7066247, y: -1.0170174, z: 0.0016354787}
  - {x: -0.6824101, y: -1.0201848, z: 0.00178538}
  - {x: -0.6580558, y: -1.0236454, z: 0.0019352527}
  - {x: -0.6337965, y: -1.0273614, z: 0.002083517}
  - {x: -0.6097208, y: -1.0313091, z: 0.002229544}
  - {x: -0.58542806, y: -1.03555, z: 0.0023756747}
  - {x: -0.56143254, y: -1.0399885, z: 0.002518752}
  - {x: -0.5373672, y: -1.044685, z: 0.0026609239}
  - {x: -0.5132825, y: -1.0496268, z: 0.0028018383}
  - {x: -0.4894252, y: -1.0547568, z: 0.0029400296}
  - {x: -0.46532756, y: -1.0601721, z: 0.003078173}
  - {x: -0.44165024, y: -1.0657187, z: 0.0032124696}
  - {x: -0.41760063, y: -1.0715784, z: 0.0033473969}
  - {x: -0.39348298, y: -1.0774556, z: 0.0034809872}
  - {x: -0.3693078, y: -1.0830964, z: 0.0036129064}
  - {x: -0.34506902, y: -1.0884628, z: 0.0037430872}
  - {x: -0.32076204, y: -1.0935175, z: 0.003871451}
  - {x: -0.29638392, y: -1.0982229, z: 0.0039979075}
  - {x: -0.27193344, y: -1.1025409, z: 0.004122353}
  - {x: -0.24741119, y: -1.1064332, z: 0.004244672}
  - {x: -0.22281945, y: -1.1098609, z: 0.0043647373}
  - {x: -0.1981628, y: -1.1127846, z: 0.004482407}
  - {x: -0.17344789, y: -1.1151643, z: 0.0045975274}
  - {x: -0.14868397, y: -1.1169599, z: 0.0047099316}
  - {x: -0.12388275, y: -1.118131, z: 0.00481944}
  - {x: -0.099058695, y: -1.1186373, z: 0.004925863}
  - {x: -0.07423148, y: -1.1184394, z: 0.00502899}
  - {x: -0.04942488, y: -1.117499, z: 0.0051286}
  - {x: -0.02466106, y: -1.1157794, z: 0.0052244854}
  - {x: 0.000032010554, y: -1.1132467, z: 0.005316424}
  - {x: 0.024623126, y: -1.10987, z: 0.0054041953}
  - {x: 0.04907921, y: -1.1056223, z: 0.005487585}
  - {x: 0.07336489, y: -1.1004814, z: 0.00556639}
  - {x: 0.09744364, y: -1.0944302, z: 0.005640424}
  - {x: 0.12127885, y: -1.0874574, z: 0.005709521}
  - {x: 0.144835, y: -1.0795572, z: 0.0057735443}
  - {x: 0.16787034, y: -1.070424, z: 0.005829175}
  - {x: 0.19041036, y: -1.059832, z: 0.0058748573}
  - {x: 0.21249478, y: -1.0479721, z: 0.0059119966}
  - {x: 0.23391895, y: -1.0351422, z: 0.005941412}
  - {x: 0.25471103, y: -1.0214983, z: 0.0059641893}
  - {x: 0.27516195, y: -1.0069717, z: 0.005981411}
  - {x: 0.29497474, y: -0.99187773, z: 0.005993479}
  - {x: 0.31435123, y: -0.9761609, z: 0.006001115}
  - {x: 0.3333815, y: -0.959813, z: 0.0060047866}
  - {x: 0.35179812, y: -0.9431325, z: 0.006004871}
  - {x: 0.3699556, y: -0.92585325, z: 0.006001728}
  - {x: 0.38758722, y: -0.9082712, z: 0.005995699}
  - {x: 0.40489405, y: -0.8902267, z: 0.005986995}
  - {x: 0.4217859, y: -0.8718423, z: 0.0059758862}
  - {x: 0.4382926, y: -0.85311306, z: 0.0059625683}
  - {x: 0.4544387, y: -0.8340304, z: 0.0059472024}
  - {x: 0.4701747, y: -0.81466955, z: 0.005930005}
  - {x: 0.48556292, y: -0.79496527, z: 0.0059110555}
  - {x: 0.50053805, y: -0.77500814, z: 0.005890567}
  - {x: 0.5151474, y: -0.7547386, z: 0.005868597}
  - {x: 0.5293535, y: -0.73420614, z: 0.0058453064}
  - {x: 0.543158, y: -0.7134028, z: 0.005820791}
  - {x: 0.55656046, y: -0.692317, z: 0.005795133}
  - {x: 0.569526, y: -0.67098725, z: 0.005768476}
  - {x: 0.58206326, y: -0.6493762, z: 0.005740866}
  - {x: 0.594135, y: -0.6275178, z: 0.005712439}
  - {x: 0.6057238, y: -0.6054069, z: 0.005683282}
  - {x: 0.61682177, y: -0.5830089, z: 0.005653444}
  - {x: 0.6273509, y: -0.56042624, z: 0.005623162}
  - {x: 0.6373621, y: -0.53747237, z: 0.005592287}
  - {x: 0.6466912, y: -0.51444006, z: 0.0055613243}
  - {x: 0.6554525, y: -0.49092764, z: 0.0055298535}
  - {x: 0.6634443, y: -0.46732634, z: 0.0054985275}
  - {x: 0.6706845, y: -0.4434174, z: 0.0054671993}
  - {x: 0.67708576, y: -0.41923785, z: 0.0054360805}
  - {x: 0.6825104, y: -0.39503658, z: 0.0054056644}
  - {x: 0.6877004, y: -0.37045828, z: 0.005372699}
  - {x: 0.6930757, y: -0.34690568, z: 0.00533603}
  - {x: 0.6989868, y: -0.3229506, z: 0.0052929902}
  - {x: 0.7052811, y: -0.29940048, z: 0.005244275}
  - {x: 0.71210295, y: -0.2758714, z: 0.00518835}
  - {x: 0.7194434, y: -0.25258842, z: 0.005124768}
  - {x: 0.727428, y: -0.2293668, z: 0.005051811}
  - {x: 0.735949, y: -0.20671615, z: 0.004969791}
  - {x: 0.74541414, y: -0.18382904, z: 0.0048738224}
  - {x: 0.75548285, y: -0.16180143, z: 0.0047662607}
  - {x: 0.7665669, y: -0.13999453, z: 0.004641414}
  - {x: 0.77877355, y: -0.118597455, z: 0.0044961134}
  - {x: 0.7920512, y: -0.09807991, z: 0.004328619}
  - {x: 0.8066057, y: -0.07851171, z: 0.0041333125}
  - {x: 0.8226392, y: -0.06009193, z: 0.0039031524}
  - {x: 0.8403107, y: -0.043173447, z: 0.0036296342}
  - {x: 0.8596798, y: -0.02825734, z: 0.0033028575}
  - {x: 0.8806411, y: -0.015938018, z: 0.0029116}
  - {x: 0.90332943, y: -0.006637848, z: 0.0024324364}
  - {x: 0.9270339, y: -0.0010023353, z: 0.0018459485}
  - {x: 0.9514405, y: 0.00077404716, z: 0.0010929554}
  - {x: 0.975687, y: -0.0011590719, z: 0}
  restPositions:
  - {x: -1, y: -1.0024133, z: 0, w: 1}
  - {x: -0.97570616, y: -1.0021292, z: 0.000055637185, w: 1}
  - {x: -0.9510356, y: -1.0018766, z: 0.00016371111, w: 1}
  - {x: -0.92669857, y: -1.001912, z: 0.0002907359, w: 1}
  - {x: -0.90214485, y: -1.0022835, z: 0.0004296873, w: 1}
  - {x: -0.8775829, y: -1.0030007, z: 0.0005750237, w: 1}
  - {x: -0.8530791, y: -1.0040572, z: 0.0007238477, w: 1}
  - {x: -0.8286368, y: -1.0054424, z: 0.0008745973, w: 1}
  - {x: -0.80423266, y: -1.0071473, z: 0.0010264139, w: 1}
  - {x: -0.7798328, y: -1.009165, z: 0.0011788222, w: 1}
  - {x: -0.7554002, y: -1.0114908, z: 0.00133156, w: 1}
  - {x: -0.7308991, y: -1.0141221, z: 0.0014844842, w: 1}
  - {x: -0.7066247, y: -1.0170174, z: 0.0016354787, w: 1}
  - {x: -0.6824101, y: -1.0201848, z: 0.00178538, w: 1}
  - {x: -0.6580558, y: -1.0236454, z: 0.0019352527, w: 1}
  - {x: -0.6337965, y: -1.0273614, z: 0.002083517, w: 1}
  - {x: -0.6097208, y: -1.0313091, z: 0.002229544, w: 1}
  - {x: -0.58542806, y: -1.03555, z: 0.0023756747, w: 1}
  - {x: -0.56143254, y: -1.0399885, z: 0.002518752, w: 1}
  - {x: -0.5373672, y: -1.044685, z: 0.0026609239, w: 1}
  - {x: -0.5132825, y: -1.0496268, z: 0.0028018383, w: 1}
  - {x: -0.4894252, y: -1.0547568, z: 0.0029400296, w: 1}
  - {x: -0.46532756, y: -1.0601721, z: 0.003078173, w: 1}
  - {x: -0.44165024, y: -1.0657187, z: 0.0032124696, w: 1}
  - {x: -0.41760063, y: -1.0715784, z: 0.0033473969, w: 1}
  - {x: -0.39348298, y: -1.0774556, z: 0.0034809872, w: 1}
  - {x: -0.3693078, y: -1.0830964, z: 0.0036129064, w: 1}
  - {x: -0.34506902, y: -1.0884628, z: 0.0037430872, w: 1}
  - {x: -0.32076204, y: -1.0935175, z: 0.003871451, w: 1}
  - {x: -0.29638392, y: -1.0982229, z: 0.0039979075, w: 1}
  - {x: -0.27193344, y: -1.1025409, z: 0.004122353, w: 1}
  - {x: -0.24741119, y: -1.1064332, z: 0.004244672, w: 1}
  - {x: -0.22281945, y: -1.1098609, z: 0.0043647373, w: 1}
  - {x: -0.1981628, y: -1.1127846, z: 0.004482407, w: 1}
  - {x: -0.17344789, y: -1.1151643, z: 0.0045975274, w: 1}
  - {x: -0.14868397, y: -1.1169599, z: 0.0047099316, w: 1}
  - {x: -0.12388275, y: -1.118131, z: 0.00481944, w: 1}
  - {x: -0.099058695, y: -1.1186373, z: 0.004925863, w: 1}
  - {x: -0.07423148, y: -1.1184394, z: 0.00502899, w: 1}
  - {x: -0.04942488, y: -1.117499, z: 0.0051286, w: 1}
  - {x: -0.02466106, y: -1.1157794, z: 0.0052244854, w: 1}
  - {x: 0.000032010554, y: -1.1132467, z: 0.005316424, w: 1}
  - {x: 0.024623126, y: -1.10987, z: 0.0054041953, w: 1}
  - {x: 0.04907921, y: -1.1056223, z: 0.005487585, w: 1}
  - {x: 0.07336489, y: -1.1004814, z: 0.00556639, w: 1}
  - {x: 0.09744364, y: -1.0944302, z: 0.005640424, w: 1}
  - {x: 0.12127885, y: -1.0874574, z: 0.005709521, w: 1}
  - {x: 0.144835, y: -1.0795572, z: 0.0057735443, w: 1}
  - {x: 0.16787034, y: -1.070424, z: 0.005829175, w: 1}
  - {x: 0.19041036, y: -1.059832, z: 0.0058748573, w: 1}
  - {x: 0.21249478, y: -1.0479721, z: 0.0059119966, w: 1}
  - {x: 0.23391895, y: -1.0351422, z: 0.005941412, w: 1}
  - {x: 0.25471103, y: -1.0214983, z: 0.0059641893, w: 1}
  - {x: 0.27516195, y: -1.0069717, z: 0.005981411, w: 1}
  - {x: 0.29497474, y: -0.99187773, z: 0.005993479, w: 1}
  - {x: 0.31435123, y: -0.9761609, z: 0.006001115, w: 1}
  - {x: 0.3333815, y: -0.959813, z: 0.0060047866, w: 1}
  - {x: 0.35179812, y: -0.9431325, z: 0.006004871, w: 1}
  - {x: 0.3699556, y: -0.92585325, z: 0.006001728, w: 1}
  - {x: 0.38758722, y: -0.9082712, z: 0.005995699, w: 1}
  - {x: 0.40489405, y: -0.8902267, z: 0.005986995, w: 1}
  - {x: 0.4217859, y: -0.8718423, z: 0.0059758862, w: 1}
  - {x: 0.4382926, y: -0.85311306, z: 0.0059625683, w: 1}
  - {x: 0.4544387, y: -0.8340304, z: 0.0059472024, w: 1}
  - {x: 0.4701747, y: -0.81466955, z: 0.005930005, w: 1}
  - {x: 0.48556292, y: -0.79496527, z: 0.0059110555, w: 1}
  - {x: 0.50053805, y: -0.77500814, z: 0.005890567, w: 1}
  - {x: 0.5151474, y: -0.7547386, z: 0.005868597, w: 1}
  - {x: 0.5293535, y: -0.73420614, z: 0.0058453064, w: 1}
  - {x: 0.543158, y: -0.7134028, z: 0.005820791, w: 1}
  - {x: 0.55656046, y: -0.692317, z: 0.005795133, w: 1}
  - {x: 0.569526, y: -0.67098725, z: 0.005768476, w: 1}
  - {x: 0.58206326, y: -0.6493762, z: 0.005740866, w: 1}
  - {x: 0.594135, y: -0.6275178, z: 0.005712439, w: 1}
  - {x: 0.6057238, y: -0.6054069, z: 0.005683282, w: 1}
  - {x: 0.61682177, y: -0.5830089, z: 0.005653444, w: 1}
  - {x: 0.6273509, y: -0.56042624, z: 0.005623162, w: 1}
  - {x: 0.6373621, y: -0.53747237, z: 0.005592287, w: 1}
  - {x: 0.6466912, y: -0.51444006, z: 0.0055613243, w: 1}
  - {x: 0.6554525, y: -0.49092764, z: 0.0055298535, w: 1}
  - {x: 0.6634443, y: -0.46732634, z: 0.0054985275, w: 1}
  - {x: 0.6706845, y: -0.4434174, z: 0.0054671993, w: 1}
  - {x: 0.67708576, y: -0.41923785, z: 0.0054360805, w: 1}
  - {x: 0.6825104, y: -0.39503658, z: 0.0054056644, w: 1}
  - {x: 0.6877004, y: -0.37045828, z: 0.005372699, w: 1}
  - {x: 0.6930757, y: -0.34690568, z: 0.00533603, w: 1}
  - {x: 0.6989868, y: -0.3229506, z: 0.0052929902, w: 1}
  - {x: 0.7052811, y: -0.29940048, z: 0.005244275, w: 1}
  - {x: 0.71210295, y: -0.2758714, z: 0.00518835, w: 1}
  - {x: 0.7194434, y: -0.25258842, z: 0.005124768, w: 1}
  - {x: 0.727428, y: -0.2293668, z: 0.005051811, w: 1}
  - {x: 0.735949, y: -0.20671615, z: 0.004969791, w: 1}
  - {x: 0.74541414, y: -0.18382904, z: 0.0048738224, w: 1}
  - {x: 0.75548285, y: -0.16180143, z: 0.0047662607, w: 1}
  - {x: 0.7665669, y: -0.13999453, z: 0.004641414, w: 1}
  - {x: 0.77877355, y: -0.118597455, z: 0.0044961134, w: 1}
  - {x: 0.7920512, y: -0.09807991, z: 0.004328619, w: 1}
  - {x: 0.8066057, y: -0.07851171, z: 0.0041333125, w: 1}
  - {x: 0.8226392, y: -0.06009193, z: 0.0039031524, w: 1}
  - {x: 0.8403107, y: -0.043173447, z: 0.0036296342, w: 1}
  - {x: 0.8596798, y: -0.02825734, z: 0.0033028575, w: 1}
  - {x: 0.8806411, y: -0.015938018, z: 0.0029116, w: 1}
  - {x: 0.90332943, y: -0.006637848, z: 0.0024324364, w: 1}
  - {x: 0.9270339, y: -0.0010023353, z: 0.0018459485, w: 1}
  - {x: 0.9514405, y: 0.00077404716, z: 0.0010929554, w: 1}
  - {x: 0.975687, y: -0.0011590719, z: 0, w: 1}
  orientations:
  - {x: -0.004138722, y: 0.7062845, z: 0.0041292547, w: 0.7079039}
  - {x: -0.0036278162, y: 0.70554703, z: 0.0036119588, w: 0.7086446}
  - {x: 0.000515677, y: 0.7052589, z: -0.0005129925, w: 0.7089495}
  - {x: 0.0053632306, y: 0.705083, z: -0.005332966, w: 0.70908445}
  - {x: 0.010351828, y: 0.70493656, z: -0.010290757, w: 0.70912015}
  - {x: 0.015278027, y: 0.7047927, z: -0.015185519, w: 0.70908624}
  - {x: 0.020074029, y: 0.70464045, z: -0.0199506, w: 0.7089999}
  - {x: 0.02473108, y: 0.70447534, z: -0.024577707, w: 0.7088715}
  - {x: 0.029252654, y: 0.7042953, z: -0.029070504, w: 0.7087082}
  - {x: 0.033645567, y: 0.7040997, z: -0.033435892, w: 0.70851505}
  - {x: 0.037924103, y: 0.7038884, z: -0.03768814, w: 0.70829546}
  - {x: 0.04207525, y: 0.70366293, z: -0.041814346, w: 0.7080535}
  - {x: 0.046094272, y: 0.7034247, z: -0.0458098, w: 0.7077927}
  - {x: 0.050015148, y: 0.703173, z: -0.04970831, w: 0.70751345}
  - {x: 0.05385008, y: 0.70290804, z: -0.053521972, w: 0.70721704}
  - {x: 0.057571005, y: 0.70263284, z: -0.05722288, w: 0.7069075}
  - {x: 0.061211403, y: 0.7023463, z: -0.060844302, w: 0.7065839}
  - {x: 0.06476788, y: 0.70204955, z: -0.064382836, w: 0.7062481}
  - {x: 0.068235666, y: 0.7017441, z: -0.06783374, w: 0.7059021}
  - {x: 0.07163608, y: 0.701429, z: -0.07121818, w: 0.7055449}
  - {x: 0.07495803, y: 0.7011062, z: -0.0745251, w: 0.70517904}
  - {x: 0.07821657, y: 0.7007751, z: -0.07776946, w: 0.7048038}
  - {x: 0.08140451, y: 0.70043707, z: -0.0809441, w: 0.7044212}
  - {x: 0.084531434, y: 0.7000922, z: -0.08405852, w: 0.70403093}
  - {x: 0.08454149, y: 0.7001157, z: -0.08407451, w: 0.70400447}
  - {x: 0.08108572, y: 0.7005484, z: -0.08064446, w: 0.70438164}
  - {x: 0.07708665, y: 0.70102483, z: -0.076673746, w: 0.70479995}
  - {x: 0.07255232, y: 0.70153475, z: -0.07217018, w: 0.7052493}
  - {x: 0.06748306, y: 0.702068, z: -0.06713391, w: 0.70571923}
  - {x: 0.06187838, y: 0.702613, z: -0.061564237, w: 0.7061982}
  - {x: 0.055733982, y: 0.70315754, z: -0.055456672, w: 0.7066738}
  - {x: 0.049044494, y: 0.7036881, z: -0.04880563, w: 0.7071321}
  - {x: 0.04180338, y: 0.7041896, z: -0.04160435, w: 0.7075583}
  - {x: 0.03400253, y: 0.70464575, z: -0.03384452, w: 0.7079356}
  - {x: 0.025643764, y: 0.7050382, z: -0.025527632, w: 0.70824564}
  - {x: 0.016717456, y: 0.70534766, z: -0.016643805, w: 0.708469}
  - {x: 0.0072249006, y: 0.7055528, z: -0.007193994, w: 0.708584}
  - {x: -0.0028237829, y: 0.70563114, z: 0.002812078, w: 0.7085682}
  - {x: -0.013423092, y: 0.7055591, z: 0.0133692995, w: 0.70839787}
  - {x: -0.024553629, y: 0.70531255, z: 0.024458742, w: 0.7080488}
  - {x: -0.036188122, y: 0.70486766, z: 0.03605363, w: 0.70749706}
  - {x: -0.048294593, y: 0.7042014, z: 0.04812253, w: 0.70671934}
  - {x: -0.060828738, y: 0.7032924, z: 0.060621683, w: 0.7056945}
  - {x: -0.07373829, y: 0.70212203, z: 0.073499404, w: 0.7044041}
  - {x: -0.08696144, y: 0.7006759, z: 0.08669447, w: 0.7028336}
  - {x: -0.10042699, y: 0.6989444, z: 0.10013627, w: 0.7009735}
  - {x: -0.11406236, y: 0.6969228, z: 0.11375278, w: 0.6988195}
  - {x: -0.1328262, y: 0.6937108, z: 0.1325058, w: 0.6953882}
  - {x: -0.15422404, y: 0.6894185, z: 0.15391178, w: 0.6908171}
  - {x: -0.17262763, y: 0.6851707, z: 0.17233756, w: 0.68632394}
  - {x: -0.18859187, y: 0.6810611, z: 0.18833311, w: 0.68199676}
  - {x: -0.20255502, y: 0.6771363, z: 0.20233324, w: 0.67787844}
  - {x: -0.21499646, y: 0.6733745, z: 0.2148155, w: 0.67394185}
  - {x: -0.22619914, y: 0.6697698, z: 0.22606139, w: 0.670178}
  - {x: -0.23635435, y: 0.6663209, z: 0.23626122, w: 0.6665836}
  - {x: -0.2457152, y: 0.66298634, z: 0.24566782, w: 0.66311425}
  - {x: -0.254373, y: 0.65976715, z: 0.25437185, w: 0.65977013}
  - {x: -0.26246145, y: 0.65664047, z: 0.26250687, w: 0.6565268}
  - {x: -0.27009207, y: 0.6535835, z: 0.27018446, w: 0.65336}
  - {x: -0.2773281, y: 0.65058684, z: 0.27746764, w: 0.6502597}
  - {x: -0.28425512, y: 0.6476276, z: 0.28444213, w: 0.64720184}
  - {x: -0.29091913, y: 0.64469594, z: 0.2911539, w: 0.64417595}
  - {x: -0.29737973, y: 0.6417731, z: 0.29766288, w: 0.6411626}
  - {x: -0.30367538, y: 0.63884735, z: 0.3040074, w: 0.63814956}
  - {x: -0.30984876, y: 0.63590306, z: 0.31023055, w: 0.6351205}
  - {x: -0.3159374, y: 0.6329251, z: 0.31636995, w: 0.6320597}
  - {x: -0.32197338, y: 0.629899, z: 0.32245794, w: 0.6289525}
  - {x: -0.3279932, y: 0.6268069, z: 0.32853138, w: 0.62578017}
  - {x: -0.33402547, y: 0.62363285, z: 0.3346192, w: 0.62252635}
  - {x: -0.34010506, y: 0.6203563, z: 0.34075677, w: 0.6191699}
  - {x: -0.34625998, y: 0.6169587, z: 0.3469726, w: 0.61569154}
  - {x: -0.35252616, y: 0.61341494, z: 0.35330337, w: 0.6120655}
  - {x: -0.35893562, y: 0.60970026, z: 0.35978186, w: 0.60826623}
  - {x: -0.36552268, y: 0.6057864, z: 0.36644346, w: 0.60426426}
  - {x: -0.3723327, y: 0.60163546, z: 0.37333506, w: 0.60002005}
  - {x: -0.3793951, y: 0.59721607, z: 0.38048783, w: 0.595501}
  - {x: -0.3867725, y: 0.5924724, z: 0.38796717, w: 0.59064806}
  - {x: -0.39449605, y: 0.58736354, z: 0.39580756, w: 0.5854173}
  - {x: -0.4026443, y: 0.58181155, z: 0.4040932, w: 0.57972544}
  - {x: -0.4112807, y: 0.57574016, z: 0.412896, w: 0.5734879}
  - {x: -0.42044526, y: 0.5690807, z: 0.42226845, w: 0.5666236}
  - {x: -0.4302495, y: 0.5617005, z: 0.4323462, w: 0.5589765}
  - {x: -0.44070888, y: 0.5535241, z: 0.44318685, w: 0.5504291}
  - {x: -0.44394547, y: 0.5509706, z: 0.44677424, w: 0.5474821}
  - {x: -0.43937063, y: 0.5547183, z: 0.44237816, w: 0.55094707}
  - {x: -0.43442065, y: 0.5587047, z: 0.43759525, w: 0.55465144}
  - {x: -0.42896527, y: 0.5630169, z: 0.43229815, w: 0.55867624}
  - {x: -0.42296898, y: 0.56766075, z: 0.42645064, w: 0.56302613}
  - {x: -0.4163086, y: 0.57270354, z: 0.41993028, w: 0.56776434}
  - {x: -0.40885884, y: 0.5782041, z: 0.41261166, w: 0.5729451}
  - {x: -0.4005151, y: 0.5841937, z: 0.4043889, w: 0.5785975}
  - {x: -0.3910092, y: 0.59080386, z: 0.3949938, w: 0.584844}
  - {x: -0.3801366, y: 0.5980942, z: 0.3842192, w: 0.59173906}
  - {x: -0.36766446, y: 0.6061144, z: 0.37182906, w: 0.5993258}
  - {x: -0.35300478, y: 0.6150909, z: 0.3572317, w: 0.60781276}
  - {x: -0.33574992, y: 0.625059, z: 0.34001204, w: 0.61722374}
  - {x: -0.3153384, y: 0.6360549, z: 0.31959832, w: 0.62757695}
  - {x: -0.29089215, y: 0.6481465, z: 0.29509786, w: 0.6389093}
  - {x: -0.26140654, y: 0.66125363, z: 0.26548386, w: 0.651098}
  - {x: -0.22592193, y: 0.6750127, z: 0.22976562, w: 0.66372055}
  - {x: -0.1838886, y: 0.68864363, z: 0.18735306, w: 0.6759096}
  - {x: -0.13519625, y: 0.70106405, z: 0.13808167, w: 0.68641436}
  - {x: -0.08128632, y: 0.7109321, z: 0.083322346, w: 0.69356}
  - {x: -0.025270622, y: 0.7174534, z: 0.026062297, w: 0.69565994}
  - {x: 0.027452886, y: 0.72228163, z: -0.02871825, w: 0.690457}
  - {x: 0.027452886, y: 0.72228163, z: -0.02871825, w: 0.690457}
  restOrientations:
  - {x: -0.004138722, y: 0.7062845, z: 0.0041292547, w: 0.7079039}
  - {x: -0.0036278162, y: 0.70554703, z: 0.0036119588, w: 0.7086446}
  - {x: 0.000515677, y: 0.7052589, z: -0.0005129925, w: 0.7089495}
  - {x: 0.0053632306, y: 0.705083, z: -0.005332966, w: 0.70908445}
  - {x: 0.010351828, y: 0.70493656, z: -0.010290757, w: 0.70912015}
  - {x: 0.015278027, y: 0.7047927, z: -0.015185519, w: 0.70908624}
  - {x: 0.020074029, y: 0.70464045, z: -0.0199506, w: 0.7089999}
  - {x: 0.02473108, y: 0.70447534, z: -0.024577707, w: 0.7088715}
  - {x: 0.029252654, y: 0.7042953, z: -0.029070504, w: 0.7087082}
  - {x: 0.033645567, y: 0.7040997, z: -0.033435892, w: 0.70851505}
  - {x: 0.037924103, y: 0.7038884, z: -0.03768814, w: 0.70829546}
  - {x: 0.04207525, y: 0.70366293, z: -0.041814346, w: 0.7080535}
  - {x: 0.046094272, y: 0.7034247, z: -0.0458098, w: 0.7077927}
  - {x: 0.050015148, y: 0.703173, z: -0.04970831, w: 0.70751345}
  - {x: 0.05385008, y: 0.70290804, z: -0.053521972, w: 0.70721704}
  - {x: 0.057571005, y: 0.70263284, z: -0.05722288, w: 0.7069075}
  - {x: 0.061211403, y: 0.7023463, z: -0.060844302, w: 0.7065839}
  - {x: 0.06476788, y: 0.70204955, z: -0.064382836, w: 0.7062481}
  - {x: 0.068235666, y: 0.7017441, z: -0.06783374, w: 0.7059021}
  - {x: 0.07163608, y: 0.701429, z: -0.07121818, w: 0.7055449}
  - {x: 0.07495803, y: 0.7011062, z: -0.0745251, w: 0.70517904}
  - {x: 0.07821657, y: 0.7007751, z: -0.07776946, w: 0.7048038}
  - {x: 0.08140451, y: 0.70043707, z: -0.0809441, w: 0.7044212}
  - {x: 0.084531434, y: 0.7000922, z: -0.08405852, w: 0.70403093}
  - {x: 0.08454149, y: 0.7001157, z: -0.08407451, w: 0.70400447}
  - {x: 0.08108572, y: 0.7005484, z: -0.08064446, w: 0.70438164}
  - {x: 0.07708665, y: 0.70102483, z: -0.076673746, w: 0.70479995}
  - {x: 0.07255232, y: 0.70153475, z: -0.07217018, w: 0.7052493}
  - {x: 0.06748306, y: 0.702068, z: -0.06713391, w: 0.70571923}
  - {x: 0.06187838, y: 0.702613, z: -0.061564237, w: 0.7061982}
  - {x: 0.055733982, y: 0.70315754, z: -0.055456672, w: 0.7066738}
  - {x: 0.049044494, y: 0.7036881, z: -0.04880563, w: 0.7071321}
  - {x: 0.04180338, y: 0.7041896, z: -0.04160435, w: 0.7075583}
  - {x: 0.03400253, y: 0.70464575, z: -0.03384452, w: 0.7079356}
  - {x: 0.025643764, y: 0.7050382, z: -0.025527632, w: 0.70824564}
  - {x: 0.016717456, y: 0.70534766, z: -0.016643805, w: 0.708469}
  - {x: 0.0072249006, y: 0.7055528, z: -0.007193994, w: 0.708584}
  - {x: -0.0028237829, y: 0.70563114, z: 0.002812078, w: 0.7085682}
  - {x: -0.013423092, y: 0.7055591, z: 0.0133692995, w: 0.70839787}
  - {x: -0.024553629, y: 0.70531255, z: 0.024458742, w: 0.7080488}
  - {x: -0.036188122, y: 0.70486766, z: 0.03605363, w: 0.70749706}
  - {x: -0.048294593, y: 0.7042014, z: 0.04812253, w: 0.70671934}
  - {x: -0.060828738, y: 0.7032924, z: 0.060621683, w: 0.7056945}
  - {x: -0.07373829, y: 0.70212203, z: 0.073499404, w: 0.7044041}
  - {x: -0.08696144, y: 0.7006759, z: 0.08669447, w: 0.7028336}
  - {x: -0.10042699, y: 0.6989444, z: 0.10013627, w: 0.7009735}
  - {x: -0.11406236, y: 0.6969228, z: 0.11375278, w: 0.6988195}
  - {x: -0.1328262, y: 0.6937108, z: 0.1325058, w: 0.6953882}
  - {x: -0.15422404, y: 0.6894185, z: 0.15391178, w: 0.6908171}
  - {x: -0.17262763, y: 0.6851707, z: 0.17233756, w: 0.68632394}
  - {x: -0.18859187, y: 0.6810611, z: 0.18833311, w: 0.68199676}
  - {x: -0.20255502, y: 0.6771363, z: 0.20233324, w: 0.67787844}
  - {x: -0.21499646, y: 0.6733745, z: 0.2148155, w: 0.67394185}
  - {x: -0.22619914, y: 0.6697698, z: 0.22606139, w: 0.670178}
  - {x: -0.23635435, y: 0.6663209, z: 0.23626122, w: 0.6665836}
  - {x: -0.2457152, y: 0.66298634, z: 0.24566782, w: 0.66311425}
  - {x: -0.254373, y: 0.65976715, z: 0.25437185, w: 0.65977013}
  - {x: -0.26246145, y: 0.65664047, z: 0.26250687, w: 0.6565268}
  - {x: -0.27009207, y: 0.6535835, z: 0.27018446, w: 0.65336}
  - {x: -0.2773281, y: 0.65058684, z: 0.27746764, w: 0.6502597}
  - {x: -0.28425512, y: 0.6476276, z: 0.28444213, w: 0.64720184}
  - {x: -0.29091913, y: 0.64469594, z: 0.2911539, w: 0.64417595}
  - {x: -0.29737973, y: 0.6417731, z: 0.29766288, w: 0.6411626}
  - {x: -0.30367538, y: 0.63884735, z: 0.3040074, w: 0.63814956}
  - {x: -0.30984876, y: 0.63590306, z: 0.31023055, w: 0.6351205}
  - {x: -0.3159374, y: 0.6329251, z: 0.31636995, w: 0.6320597}
  - {x: -0.32197338, y: 0.629899, z: 0.32245794, w: 0.6289525}
  - {x: -0.3279932, y: 0.6268069, z: 0.32853138, w: 0.62578017}
  - {x: -0.33402547, y: 0.62363285, z: 0.3346192, w: 0.62252635}
  - {x: -0.34010506, y: 0.6203563, z: 0.34075677, w: 0.6191699}
  - {x: -0.34625998, y: 0.6169587, z: 0.3469726, w: 0.61569154}
  - {x: -0.35252616, y: 0.61341494, z: 0.35330337, w: 0.6120655}
  - {x: -0.35893562, y: 0.60970026, z: 0.35978186, w: 0.60826623}
  - {x: -0.36552268, y: 0.6057864, z: 0.36644346, w: 0.60426426}
  - {x: -0.3723327, y: 0.60163546, z: 0.37333506, w: 0.60002005}
  - {x: -0.3793951, y: 0.59721607, z: 0.38048783, w: 0.595501}
  - {x: -0.3867725, y: 0.5924724, z: 0.38796717, w: 0.59064806}
  - {x: -0.39449605, y: 0.58736354, z: 0.39580756, w: 0.5854173}
  - {x: -0.4026443, y: 0.58181155, z: 0.4040932, w: 0.57972544}
  - {x: -0.4112807, y: 0.57574016, z: 0.412896, w: 0.5734879}
  - {x: -0.42044526, y: 0.5690807, z: 0.42226845, w: 0.5666236}
  - {x: -0.4302495, y: 0.5617005, z: 0.4323462, w: 0.5589765}
  - {x: -0.44070888, y: 0.5535241, z: 0.44318685, w: 0.5504291}
  - {x: -0.44394547, y: 0.5509706, z: 0.44677424, w: 0.5474821}
  - {x: -0.43937063, y: 0.5547183, z: 0.44237816, w: 0.55094707}
  - {x: -0.43442065, y: 0.5587047, z: 0.43759525, w: 0.55465144}
  - {x: -0.42896527, y: 0.5630169, z: 0.43229815, w: 0.55867624}
  - {x: -0.42296898, y: 0.56766075, z: 0.42645064, w: 0.56302613}
  - {x: -0.4163086, y: 0.57270354, z: 0.41993028, w: 0.56776434}
  - {x: -0.40885884, y: 0.5782041, z: 0.41261166, w: 0.5729451}
  - {x: -0.4005151, y: 0.5841937, z: 0.4043889, w: 0.5785975}
  - {x: -0.3910092, y: 0.59080386, z: 0.3949938, w: 0.584844}
  - {x: -0.3801366, y: 0.5980942, z: 0.3842192, w: 0.59173906}
  - {x: -0.36766446, y: 0.6061144, z: 0.37182906, w: 0.5993258}
  - {x: -0.35300478, y: 0.6150909, z: 0.3572317, w: 0.60781276}
  - {x: -0.33574992, y: 0.625059, z: 0.34001204, w: 0.61722374}
  - {x: -0.3153384, y: 0.6360549, z: 0.31959832, w: 0.62757695}
  - {x: -0.29089215, y: 0.6481465, z: 0.29509786, w: 0.6389093}
  - {x: -0.26140654, y: 0.66125363, z: 0.26548386, w: 0.651098}
  - {x: -0.22592193, y: 0.6750127, z: 0.22976562, w: 0.66372055}
  - {x: -0.1838886, y: 0.68864363, z: 0.18735306, w: 0.6759096}
  - {x: -0.13519625, y: 0.70106405, z: 0.13808167, w: 0.68641436}
  - {x: -0.08128632, y: 0.7109321, z: 0.083322346, w: 0.69356}
  - {x: -0.025270622, y: 0.7174534, z: 0.026062297, w: 0.69565994}
  - {x: 0.027452886, y: 0.72228163, z: -0.02871825, w: 0.690457}
  - {x: 0.027452886, y: 0.72228163, z: -0.02871825, w: 0.690457}
  velocities:
  - {x: 0, y: 0, z: 0}
  - {x: 0, y: 0, z: 0}
  - {x: 0, y: 0, z: 0}
  - {x: 0, y: 0, z: 0}
  - {x: 0, y: 0, z: 0}
  - {x: 0, y: 0, z: 0}
  - {x: 0, y: 0, z: 0}
  - {x: 0, y: 0, z: 0}
  - {x: 0, y: 0, z: 0}
  - {x: 0, y: 0, z: 0}
  - {x: 0, y: 0, z: 0}
  - {x: 0, y: 0, z: 0}
  - {x: 0, y: 0, z: 0}
  - {x: 0, y: 0, z: 0}
  - {x: 0, y: 0, z: 0}
  - {x: 0, y: 0, z: 0}
  - {x: 0, y: 0, z: 0}
  - {x: 0, y: 0, z: 0}
  - {x: 0, y: 0, z: 0}
  - {x: 0, y: 0, z: 0}
  - {x: 0, y: 0, z: 0}
  - {x: 0, y: 0, z: 0}
  - {x: 0, y: 0, z: 0}
  - {x: 0, y: 0, z: 0}
  - {x: 0, y: 0, z: 0}
  - {x: 0, y: 0, z: 0}
  - {x: 0, y: 0, z: 0}
  - {x: 0, y: 0, z: 0}
  - {x: 0, y: 0, z: 0}
  - {x: 0, y: 0, z: 0}
  - {x: 0, y: 0, z: 0}
  - {x: 0, y: 0, z: 0}
  - {x: 0, y: 0, z: 0}
  - {x: 0, y: 0, z: 0}
  - {x: 0, y: 0, z: 0}
  - {x: 0, y: 0, z: 0}
  - {x: 0, y: 0, z: 0}
  - {x: 0, y: 0, z: 0}
  - {x: 0, y: 0, z: 0}
  - {x: 0, y: 0, z: 0}
  - {x: 0, y: 0, z: 0}
  - {x: 0, y: 0, z: 0}
  - {x: 0, y: 0, z: 0}
  - {x: 0, y: 0, z: 0}
  - {x: 0, y: 0, z: 0}
  - {x: 0, y: 0, z: 0}
  - {x: 0, y: 0, z: 0}
  - {x: 0, y: 0, z: 0}
  - {x: 0, y: 0, z: 0}
  - {x: 0, y: 0, z: 0}
  - {x: 0, y: 0, z: 0}
  - {x: 0, y: 0, z: 0}
  - {x: 0, y: 0, z: 0}
  - {x: 0, y: 0, z: 0}
  - {x: 0, y: 0, z: 0}
  - {x: 0, y: 0, z: 0}
  - {x: 0, y: 0, z: 0}
  - {x: 0, y: 0, z: 0}
  - {x: 0, y: 0, z: 0}
  - {x: 0, y: 0, z: 0}
  - {x: 0, y: 0, z: 0}
  - {x: 0, y: 0, z: 0}
  - {x: 0, y: 0, z: 0}
  - {x: 0, y: 0, z: 0}
  - {x: 0, y: 0, z: 0}
  - {x: 0, y: 0, z: 0}
  - {x: 0, y: 0, z: 0}
  - {x: 0, y: 0, z: 0}
  - {x: 0, y: 0, z: 0}
  - {x: 0, y: 0, z: 0}
  - {x: 0, y: 0, z: 0}
  - {x: 0, y: 0, z: 0}
  - {x: 0, y: 0, z: 0}
  - {x: 0, y: 0, z: 0}
  - {x: 0, y: 0, z: 0}
  - {x: 0, y: 0, z: 0}
  - {x: 0, y: 0, z: 0}
  - {x: 0, y: 0, z: 0}
  - {x: 0, y: 0, z: 0}
  - {x: 0, y: 0, z: 0}
  - {x: 0, y: 0, z: 0}
  - {x: 0, y: 0, z: 0}
  - {x: 0, y: 0, z: 0}
  - {x: 0, y: 0, z: 0}
  - {x: 0, y: 0, z: 0}
  - {x: 0, y: 0, z: 0}
  - {x: 0, y: 0, z: 0}
  - {x: 0, y: 0, z: 0}
  - {x: 0, y: 0, z: 0}
  - {x: 0, y: 0, z: 0}
  - {x: 0, y: 0, z: 0}
  - {x: 0, y: 0, z: 0}
  - {x: 0, y: 0, z: 0}
  - {x: 0, y: 0, z: 0}
  - {x: 0, y: 0, z: 0}
  - {x: 0, y: 0, z: 0}
  - {x: 0, y: 0, z: 0}
  - {x: 0, y: 0, z: 0}
  - {x: 0, y: 0, z: 0}
  - {x: 0, y: 0, z: 0}
  - {x: 0, y: 0, z: 0}
  - {x: 0, y: 0, z: 0}
  - {x: 0, y: 0, z: 0}
  - {x: 0, y: 0, z: 0}
  - {x: 0, y: 0, z: 0}
  - {x: 0, y: 0, z: 0}
  angularVelocities:
  - {x: 0, y: 0, z: 0}
  - {x: 0, y: 0, z: 0}
  - {x: 0, y: 0, z: 0}
  - {x: 0, y: 0, z: 0}
  - {x: 0, y: 0, z: 0}
  - {x: 0, y: 0, z: 0}
  - {x: 0, y: 0, z: 0}
  - {x: 0, y: 0, z: 0}
  - {x: 0, y: 0, z: 0}
  - {x: 0, y: 0, z: 0}
  - {x: 0, y: 0, z: 0}
  - {x: 0, y: 0, z: 0}
  - {x: 0, y: 0, z: 0}
  - {x: 0, y: 0, z: 0}
  - {x: 0, y: 0, z: 0}
  - {x: 0, y: 0, z: 0}
  - {x: 0, y: 0, z: 0}
  - {x: 0, y: 0, z: 0}
  - {x: 0, y: 0, z: 0}
  - {x: 0, y: 0, z: 0}
  - {x: 0, y: 0, z: 0}
  - {x: 0, y: 0, z: 0}
  - {x: 0, y: 0, z: 0}
  - {x: 0, y: 0, z: 0}
  - {x: 0, y: 0, z: 0}
  - {x: 0, y: 0, z: 0}
  - {x: 0, y: 0, z: 0}
  - {x: 0, y: 0, z: 0}
  - {x: 0, y: 0, z: 0}
  - {x: 0, y: 0, z: 0}
  - {x: 0, y: 0, z: 0}
  - {x: 0, y: 0, z: 0}
  - {x: 0, y: 0, z: 0}
  - {x: 0, y: 0, z: 0}
  - {x: 0, y: 0, z: 0}
  - {x: 0, y: 0, z: 0}
  - {x: 0, y: 0, z: 0}
  - {x: 0, y: 0, z: 0}
  - {x: 0, y: 0, z: 0}
  - {x: 0, y: 0, z: 0}
  - {x: 0, y: 0, z: 0}
  - {x: 0, y: 0, z: 0}
  - {x: 0, y: 0, z: 0}
  - {x: 0, y: 0, z: 0}
  - {x: 0, y: 0, z: 0}
  - {x: 0, y: 0, z: 0}
  - {x: 0, y: 0, z: 0}
  - {x: 0, y: 0, z: 0}
  - {x: 0, y: 0, z: 0}
  - {x: 0, y: 0, z: 0}
  - {x: 0, y: 0, z: 0}
  - {x: 0, y: 0, z: 0}
  - {x: 0, y: 0, z: 0}
  - {x: 0, y: 0, z: 0}
  - {x: 0, y: 0, z: 0}
  - {x: 0, y: 0, z: 0}
  - {x: 0, y: 0, z: 0}
  - {x: 0, y: 0, z: 0}
  - {x: 0, y: 0, z: 0}
  - {x: 0, y: 0, z: 0}
  - {x: 0, y: 0, z: 0}
  - {x: 0, y: 0, z: 0}
  - {x: 0, y: 0, z: 0}
  - {x: 0, y: 0, z: 0}
  - {x: 0, y: 0, z: 0}
  - {x: 0, y: 0, z: 0}
  - {x: 0, y: 0, z: 0}
  - {x: 0, y: 0, z: 0}
  - {x: 0, y: 0, z: 0}
  - {x: 0, y: 0, z: 0}
  - {x: 0, y: 0, z: 0}
  - {x: 0, y: 0, z: 0}
  - {x: 0, y: 0, z: 0}
  - {x: 0, y: 0, z: 0}
  - {x: 0, y: 0, z: 0}
  - {x: 0, y: 0, z: 0}
  - {x: 0, y: 0, z: 0}
  - {x: 0, y: 0, z: 0}
  - {x: 0, y: 0, z: 0}
  - {x: 0, y: 0, z: 0}
  - {x: 0, y: 0, z: 0}
  - {x: 0, y: 0, z: 0}
  - {x: 0, y: 0, z: 0}
  - {x: 0, y: 0, z: 0}
  - {x: 0, y: 0, z: 0}
  - {x: 0, y: 0, z: 0}
  - {x: 0, y: 0, z: 0}
  - {x: 0, y: 0, z: 0}
  - {x: 0, y: 0, z: 0}
  - {x: 0, y: 0, z: 0}
  - {x: 0, y: 0, z: 0}
  - {x: 0, y: 0, z: 0}
  - {x: 0, y: 0, z: 0}
  - {x: 0, y: 0, z: 0}
  - {x: 0, y: 0, z: 0}
  - {x: 0, y: 0, z: 0}
  - {x: 0, y: 0, z: 0}
  - {x: 0, y: 0, z: 0}
  - {x: 0, y: 0, z: 0}
  - {x: 0, y: 0, z: 0}
  - {x: 0, y: 0, z: 0}
  - {x: 0, y: 0, z: 0}
  - {x: 0, y: 0, z: 0}
  - {x: 0, y: 0, z: 0}
  - {x: 0, y: 0, z: 0}
  - {x: 0, y: 0, z: 0}
  invMasses:
  - 10
  - 10.000001
  - 9.999999
  - 10.000001
  - 10.000001
  - 10
  - 9.999999
  - 9.999999
  - 10
  - 10
  - 10
  - 10
  - 10
  - 10
  - 10
  - 10
  - 10
  - 10
  - 10
  - 10
  - 10
  - 10
  - 10
  - 10
  - 10
  - 10
  - 10
  - 10
  - 10
  - 10
  - 10
  - 10
  - 10
  - 10
  - 10
  - 10
  - 10
  - 10
  - 10
  - 10
  - 10
  - 10
  - 10
  - 10
  - 10
  - 10
  - 10
  - 10
  - 10
  - 10
  - 10
  - 10
  - 10
  - 10
  - 10
  - 10
  - 10
  - 10
  - 10
  - 10
  - 10
  - 10
  - 10
  - 10
  - 10
  - 10
  - 10
  - 10
  - 10
  - 10
  - 10
  - 10
  - 10
  - 10
  - 10
  - 10
  - 10
  - 10
  - 10
  - 10
  - 10
  - 10
  - 10
  - 10
  - 10
  - 10
  - 10
  - 10
  - 10
  - 10
  - 10
  - 10
  - 10
  - 10
  - 10
  - 10
  - 10
  - 10
  - 10
  - 10
  - 10
  - 10
  - 10
  - 10
  - 10
  - 10
  invRotationalMasses:
  - 100
  - 100.000015
  - 100
  - 100.000015
  - 100.000015
  - 100
  - 99.99999
  - 99.99999
  - 100
  - 100
  - 100
  - 100
  - 100
  - 100
  - 100
  - 100
  - 100
  - 100
  - 100
  - 100
  - 100
  - 100
  - 100
  - 100
  - 100
  - 100
  - 100
  - 100
  - 100
  - 100
  - 100
  - 100
  - 100
  - 100
  - 100
  - 100
  - 100
  - 100
  - 100
  - 100
  - 100
  - 100
  - 100
  - 100
  - 100
  - 100
  - 100
  - 100
  - 100
  - 100
  - 100
  - 100
  - 100
  - 100
  - 100
  - 100
  - 100
  - 100
  - 100
  - 100
  - 100
  - 100
  - 100
  - 100
  - 100
  - 100
  - 100
  - 100
  - 100
  - 100
  - 100
  - 100
  - 100
  - 100
  - 100
  - 100
  - 100
  - 100
  - 100
  - 100
  - 100
  - 100
  - 100
  - 100
  - 100
  - 100
  - 100
  - 100
  - 100
  - 100
  - 100
  - 100
  - 100
  - 100
  - 100
  - 100
  - 100
  - 100
  - 100
  - 100
  - 100
  - 100
  - 100
  - 100
  - 100
  - 100
  filters: 0200ffff0200ffff0200ffff0200ffff0200ffff0200ffff0200ffff0200ffff0200ffff0200ffff0200ffff0200ffff0200ffff0200ffff0200ffff0200ffff0200ffff0200ffff0200ffff0200ffff0200ffff0200ffff0200ffff0200ffff0200ffff0200ffff0200ffff0200ffff0200ffff0200ffff0200ffff0200ffff0200ffff0200ffff0200ffff0200ffff0200ffff0200ffff0200ffff0200ffff0200ffff0200ffff0200ffff0200ffff0200ffff0200ffff0200ffff0200ffff0200ffff0200ffff0200ffff0200ffff0200ffff0200ffff0200ffff0200ffff0200ffff0200ffff0200ffff0200ffff0200ffff0200ffff0200ffff0200ffff0200ffff0200ffff0200ffff0200ffff0200ffff0200ffff0200ffff0200ffff0200ffff0200ffff0200ffff0200ffff0200ffff0200ffff0200ffff0200ffff0200ffff0200ffff0200ffff0200ffff0200ffff0200ffff0200ffff0200ffff0200ffff0200ffff0200ffff0200ffff0200ffff0200ffff0200ffff0200ffff0200ffff0200ffff0200ffff0200ffff0200ffff0200ffff0200ffff0200ffff0200ffff0200ffff
  principalRadii:
  - {x: 0.025, y: 0.025, z: 0.025}
  - {x: 0.024999999, y: 0.024999999, z: 0.024999999}
  - {x: 0.025, y: 0.025, z: 0.025}
  - {x: 0.024999999, y: 0.024999999, z: 0.024999999}
  - {x: 0.024999999, y: 0.024999999, z: 0.024999999}
  - {x: 0.025, y: 0.025, z: 0.025}
  - {x: 0.025000004, y: 0.025000004, z: 0.025000004}
  - {x: 0.025000004, y: 0.025000004, z: 0.025000004}
  - {x: 0.025, y: 0.025, z: 0.025}
  - {x: 0.025, y: 0.025, z: 0.025}
  - {x: 0.025, y: 0.025, z: 0.025}
  - {x: 0.025, y: 0.025, z: 0.025}
  - {x: 0.025, y: 0.025, z: 0.025}
  - {x: 0.025, y: 0.025, z: 0.025}
  - {x: 0.025, y: 0.025, z: 0.025}
  - {x: 0.025, y: 0.025, z: 0.025}
  - {x: 0.025, y: 0.025, z: 0.025}
  - {x: 0.025, y: 0.025, z: 0.025}
  - {x: 0.025, y: 0.025, z: 0.025}
  - {x: 0.025, y: 0.025, z: 0.025}
  - {x: 0.025, y: 0.025, z: 0.025}
  - {x: 0.025, y: 0.025, z: 0.025}
  - {x: 0.025, y: 0.025, z: 0.025}
  - {x: 0.025, y: 0.025, z: 0.025}
  - {x: 0.025, y: 0.025, z: 0.025}
  - {x: 0.025, y: 0.025, z: 0.025}
  - {x: 0.025, y: 0.025, z: 0.025}
  - {x: 0.025, y: 0.025, z: 0.025}
  - {x: 0.025, y: 0.025, z: 0.025}
  - {x: 0.025, y: 0.025, z: 0.025}
  - {x: 0.025, y: 0.025, z: 0.025}
  - {x: 0.025, y: 0.025, z: 0.025}
  - {x: 0.025, y: 0.025, z: 0.025}
  - {x: 0.025, y: 0.025, z: 0.025}
  - {x: 0.025, y: 0.025, z: 0.025}
  - {x: 0.025, y: 0.025, z: 0.025}
  - {x: 0.025, y: 0.025, z: 0.025}
  - {x: 0.025, y: 0.025, z: 0.025}
  - {x: 0.025, y: 0.025, z: 0.025}
  - {x: 0.025, y: 0.025, z: 0.025}
  - {x: 0.025, y: 0.025, z: 0.025}
  - {x: 0.025, y: 0.025, z: 0.025}
  - {x: 0.025, y: 0.025, z: 0.025}
  - {x: 0.025, y: 0.025, z: 0.025}
  - {x: 0.025, y: 0.025, z: 0.025}
  - {x: 0.025, y: 0.025, z: 0.025}
  - {x: 0.025, y: 0.025, z: 0.025}
  - {x: 0.025, y: 0.025, z: 0.025}
  - {x: 0.025, y: 0.025, z: 0.025}
  - {x: 0.025, y: 0.025, z: 0.025}
  - {x: 0.025, y: 0.025, z: 0.025}
  - {x: 0.025, y: 0.025, z: 0.025}
  - {x: 0.025, y: 0.025, z: 0.025}
  - {x: 0.025, y: 0.025, z: 0.025}
  - {x: 0.025, y: 0.025, z: 0.025}
  - {x: 0.025, y: 0.025, z: 0.025}
  - {x: 0.025, y: 0.025, z: 0.025}
  - {x: 0.025, y: 0.025, z: 0.025}
  - {x: 0.025, y: 0.025, z: 0.025}
  - {x: 0.025, y: 0.025, z: 0.025}
  - {x: 0.025, y: 0.025, z: 0.025}
  - {x: 0.025, y: 0.025, z: 0.025}
  - {x: 0.025, y: 0.025, z: 0.025}
  - {x: 0.025, y: 0.025, z: 0.025}
  - {x: 0.025, y: 0.025, z: 0.025}
  - {x: 0.025, y: 0.025, z: 0.025}
  - {x: 0.025, y: 0.025, z: 0.025}
  - {x: 0.025, y: 0.025, z: 0.025}
  - {x: 0.025, y: 0.025, z: 0.025}
  - {x: 0.025, y: 0.025, z: 0.025}
  - {x: 0.025, y: 0.025, z: 0.025}
  - {x: 0.025, y: 0.025, z: 0.025}
  - {x: 0.025, y: 0.025, z: 0.025}
  - {x: 0.025, y: 0.025, z: 0.025}
  - {x: 0.025, y: 0.025, z: 0.025}
  - {x: 0.025, y: 0.025, z: 0.025}
  - {x: 0.025, y: 0.025, z: 0.025}
  - {x: 0.025, y: 0.025, z: 0.025}
  - {x: 0.025, y: 0.025, z: 0.025}
  - {x: 0.025, y: 0.025, z: 0.025}
  - {x: 0.025, y: 0.025, z: 0.025}
  - {x: 0.025, y: 0.025, z: 0.025}
  - {x: 0.025, y: 0.025, z: 0.025}
  - {x: 0.025, y: 0.025, z: 0.025}
  - {x: 0.025, y: 0.025, z: 0.025}
  - {x: 0.025, y: 0.025, z: 0.025}
  - {x: 0.025, y: 0.025, z: 0.025}
  - {x: 0.025, y: 0.025, z: 0.025}
  - {x: 0.025, y: 0.025, z: 0.025}
  - {x: 0.025, y: 0.025, z: 0.025}
  - {x: 0.025, y: 0.025, z: 0.025}
  - {x: 0.025, y: 0.025, z: 0.025}
  - {x: 0.025, y: 0.025, z: 0.025}
  - {x: 0.025, y: 0.025, z: 0.025}
  - {x: 0.025, y: 0.025, z: 0.025}
  - {x: 0.025, y: 0.025, z: 0.025}
  - {x: 0.025, y: 0.025, z: 0.025}
  - {x: 0.025, y: 0.025, z: 0.025}
  - {x: 0.025, y: 0.025, z: 0.025}
  - {x: 0.025, y: 0.025, z: 0.025}
  - {x: 0.025, y: 0.025, z: 0.025}
  - {x: 0.025, y: 0.025, z: 0.025}
  - {x: 0.025, y: 0.025, z: 0.025}
  - {x: 0.025, y: 0.025, z: 0.025}
  - {x: 0.025, y: 0.025, z: 0.025}
  - {x: 0.025, y: 0.025, z: 0.025}
  colors:
  - {r: 1, g: 1, b: 1, a: 1}
  - {r: 0.99999994, g: 0.99999994, b: 0.99999994, a: 0.99999994}
  - {r: 1, g: 1, b: 1, a: 1}
  - {r: 0.99999994, g: 0.99999994, b: 0.99999994, a: 0.99999994}
  - {r: 0.99999994, g: 0.99999994, b: 0.99999994, a: 0.99999994}
  - {r: 1, g: 1, b: 1, a: 1}
  - {r: 1.0000001, g: 1.0000001, b: 1.0000001, a: 1.0000001}
  - {r: 1.0000001, g: 1.0000001, b: 1.0000001, a: 1.0000001}
  - {r: 1, g: 1, b: 1, a: 1}
  - {r: 1, g: 1, b: 1, a: 1}
  - {r: 1, g: 1, b: 1, a: 1}
  - {r: 1, g: 1, b: 1, a: 1}
  - {r: 1, g: 1, b: 1, a: 1}
  - {r: 1, g: 1, b: 1, a: 1}
  - {r: 1, g: 1, b: 1, a: 1}
  - {r: 1, g: 1, b: 1, a: 1}
  - {r: 1, g: 1, b: 1, a: 1}
  - {r: 1, g: 1, b: 1, a: 1}
  - {r: 1, g: 1, b: 1, a: 1}
  - {r: 1, g: 1, b: 1, a: 1}
  - {r: 1, g: 1, b: 1, a: 1}
  - {r: 1, g: 1, b: 1, a: 1}
  - {r: 1, g: 1, b: 1, a: 1}
  - {r: 1, g: 1, b: 1, a: 1}
  - {r: 1, g: 1, b: 1, a: 1}
  - {r: 1, g: 1, b: 1, a: 1}
  - {r: 1, g: 1, b: 1, a: 1}
  - {r: 1, g: 1, b: 1, a: 1}
  - {r: 1, g: 1, b: 1, a: 1}
  - {r: 1, g: 1, b: 1, a: 1}
  - {r: 1, g: 1, b: 1, a: 1}
  - {r: 1, g: 1, b: 1, a: 1}
  - {r: 1, g: 1, b: 1, a: 1}
  - {r: 1, g: 1, b: 1, a: 1}
  - {r: 1, g: 1, b: 1, a: 1}
  - {r: 1, g: 1, b: 1, a: 1}
  - {r: 1, g: 1, b: 1, a: 1}
  - {r: 1, g: 1, b: 1, a: 1}
  - {r: 1, g: 1, b: 1, a: 1}
  - {r: 1, g: 1, b: 1, a: 1}
  - {r: 1, g: 1, b: 1, a: 1}
  - {r: 1, g: 1, b: 1, a: 1}
  - {r: 1, g: 1, b: 1, a: 1}
  - {r: 1, g: 1, b: 1, a: 1}
  - {r: 1, g: 1, b: 1, a: 1}
  - {r: 1, g: 1, b: 1, a: 1}
  - {r: 1, g: 1, b: 1, a: 1}
  - {r: 1, g: 1, b: 1, a: 1}
  - {r: 1, g: 1, b: 1, a: 1}
  - {r: 1, g: 1, b: 1, a: 1}
  - {r: 1, g: 1, b: 1, a: 1}
  - {r: 1, g: 1, b: 1, a: 1}
  - {r: 1, g: 1, b: 1, a: 1}
  - {r: 1, g: 1, b: 1, a: 1}
  - {r: 1, g: 1, b: 1, a: 1}
  - {r: 1, g: 1, b: 1, a: 1}
  - {r: 1, g: 1, b: 1, a: 1}
  - {r: 1, g: 1, b: 1, a: 1}
  - {r: 1, g: 1, b: 1, a: 1}
  - {r: 1, g: 1, b: 1, a: 1}
  - {r: 1, g: 1, b: 1, a: 1}
  - {r: 1, g: 1, b: 1, a: 1}
  - {r: 1, g: 1, b: 1, a: 1}
  - {r: 1, g: 1, b: 1, a: 1}
  - {r: 1, g: 1, b: 1, a: 1}
  - {r: 1, g: 1, b: 1, a: 1}
  - {r: 1, g: 1, b: 1, a: 1}
  - {r: 1, g: 1, b: 1, a: 1}
  - {r: 1, g: 1, b: 1, a: 1}
  - {r: 1, g: 1, b: 1, a: 1}
  - {r: 1, g: 1, b: 1, a: 1}
  - {r: 1, g: 1, b: 1, a: 1}
  - {r: 1, g: 1, b: 1, a: 1}
  - {r: 1, g: 1, b: 1, a: 1}
  - {r: 1, g: 1, b: 1, a: 1}
  - {r: 1, g: 1, b: 1, a: 1}
  - {r: 1, g: 1, b: 1, a: 1}
  - {r: 1, g: 1, b: 1, a: 1}
  - {r: 1, g: 1, b: 1, a: 1}
  - {r: 1, g: 1, b: 1, a: 1}
  - {r: 1, g: 1, b: 1, a: 1}
  - {r: 1, g: 1, b: 1, a: 1}
  - {r: 1, g: 1, b: 1, a: 1}
  - {r: 1, g: 1, b: 1, a: 1}
  - {r: 1, g: 1, b: 1, a: 1}
  - {r: 1, g: 1, b: 1, a: 1}
  - {r: 1, g: 1, b: 1, a: 1}
  - {r: 1, g: 1, b: 1, a: 1}
  - {r: 1, g: 1, b: 1, a: 1}
  - {r: 1, g: 1, b: 1, a: 1}
  - {r: 1, g: 1, b: 1, a: 1}
  - {r: 1, g: 1, b: 1, a: 1}
  - {r: 1, g: 1, b: 1, a: 1}
  - {r: 1, g: 1, b: 1, a: 1}
  - {r: 1, g: 1, b: 1, a: 1}
  - {r: 1, g: 1, b: 1, a: 1}
  - {r: 1, g: 1, b: 1, a: 1}
  - {r: 1, g: 1, b: 1, a: 1}
  - {r: 1, g: 1, b: 1, a: 1}
  - {r: 1, g: 1, b: 1, a: 1}
  - {r: 1, g: 1, b: 1, a: 1}
  - {r: 1, g: 1, b: 1, a: 1}
  - {r: 1, g: 1, b: 1, a: 1}
  - {r: 1, g: 1, b: 1, a: 1}
  - {r: 1, g: 1, b: 1, a: 1}
  - {r: 1, g: 1, b: 1, a: 1}
  points: 
  edges: 000000000100000001000000020000000200000003000000030000000400000004000000050000000500000006000000060000000700000007000000080000000800000009000000090000000a0000000a0000000b0000000b0000000c0000000c0000000d0000000d0000000e0000000e0000000f0000000f00000010000000100000001100000011000000120000001200000013000000130000001400000014000000150000001500000016000000160000001700000017000000180000001800000019000000190000001a0000001a0000001b0000001b0000001c0000001c0000001d0000001d0000001e0000001e0000001f0000001f00000020000000200000002100000021000000220000002200000023000000230000002400000024000000250000002500000026000000260000002700000027000000280000002800000029000000290000002a0000002a0000002b0000002b0000002c0000002c0000002d0000002d0000002e0000002e0000002f0000002f00000030000000300000003100000031000000320000003200000033000000330000003400000034000000350000003500000036000000360000003700000037000000380000003800000039000000390000003a0000003a0000003b0000003b0000003c0000003c0000003d0000003d0000003e0000003e0000003f0000003f00000040000000400000004100000041000000420000004200000043000000430000004400000044000000450000004500000046000000460000004700000047000000480000004800000049000000490000004a0000004a0000004b0000004b0000004c0000004c0000004d0000004d0000004e0000004e0000004f0000004f00000050000000500000005100000051000000520000005200000053000000530000005400000054000000550000005500000056000000560000005700000057000000580000005800000059000000590000005a0000005a0000005b0000005b0000005c0000005c0000005d0000005d0000005e0000005e0000005f0000005f00000060000000600000006100000061000000620000006200000063000000630000006400000064000000650000006500000066000000660000006700000067000000680000006800000069000000
  triangles: 
  distanceConstraintsData:
    batches: []
  bendConstraintsData:
    batches: []
  skinConstraintsData:
    batches: []
  tetherConstraintsData:
    batches: []
  stretchShearConstraintsData:
    batches:
    - m_IDs: 000000000100000002000000030000000400000005000000060000000700000008000000090000000a0000000b0000000c0000000d0000000e0000000f000000100000001100000012000000130000001400000015000000160000001700000018000000190000001a0000001b0000001c0000001d0000001e0000001f000000200000002100000022000000230000002400000025000000260000002700000028000000290000002a0000002b0000002c0000002d0000002e0000002f0000003000000031000000320000003300000034000000
      m_IDToIndex: 000000000100000002000000030000000400000005000000060000000700000008000000090000000a0000000b0000000c0000000d0000000e0000000f000000100000001100000012000000130000001400000015000000160000001700000018000000190000001a0000001b0000001c0000001d0000001e0000001f000000200000002100000022000000230000002400000025000000260000002700000028000000290000002a0000002b0000002c0000002d0000002e0000002f0000003000000031000000320000003300000034000000
      m_ConstraintCount: 53
      m_ActiveConstraintCount: 53
      m_InitialActiveConstraintCount: 53
      particleIndices:
        serializedContents: 000000000100000002000000030000000400000005000000060000000700000008000000090000000a0000000b0000000c0000000d0000000e0000000f000000100000001100000012000000130000001400000015000000160000001700000018000000190000001a0000001b0000001c0000001d0000001e0000001f000000200000002100000022000000230000002400000025000000260000002700000028000000290000002a0000002b0000002c0000002d0000002e0000002f000000300000003100000032000000330000003400000035000000360000003700000038000000390000003a0000003b0000003c0000003d0000003e0000003f000000400000004100000042000000430000004400000045000000460000004700000048000000490000004a0000004b0000004c0000004d0000004e0000004f000000500000005100000052000000530000005400000055000000560000005700000058000000590000005a0000005b0000005c0000005d0000005e0000005f00000060000000610000006200000063000000640000006500000066000000670000006800000069000000
        m_AlignBytes: 16
      lambdas:
        serializedContents: []
        m_AlignBytes: 16
      orientationIndices:
        serializedContents: 00000000020000000400000006000000080000000a0000000c0000000e00000010000000120000001400000016000000180000001a0000001c0000001e00000020000000220000002400000026000000280000002a0000002c0000002e00000030000000320000003400000036000000380000003a0000003c0000003e00000040000000420000004400000046000000480000004a0000004c0000004e00000050000000520000005400000056000000580000005a0000005c0000005e0000006000000062000000640000006600000068000000
        m_AlignBytes: 16
      restLengths:
        serializedContents:
        - 0.024295565
        - 0.02433741
        - 0.024572842
        - 0.024481941
        - 0.024483636
        - 0.02464245
        - 0.024421303
        - 0.02454267
        - 0.024660593
        - 0.02451972
        - 0.02440296
        - 0.024318675
        - 0.024823798
        - 0.024826063
        - 0.024828386
        - 0.02482953
        - 0.02482967
        - 0.024829198
        - 0.024829444
        - 0.024824623
        - 0.02482279
        - 0.024822362
        - 0.024827575
        - 0.02484572
        - 0.024904711
        - 0.024972033
        - 0.025085108
        - 0.024949303
        - 0.024847737
        - 0.024899857
        - 0.024966383
        - 0.024996893
        - 0.02500113
        - 0.024985723
        - 0.024966845
        - 0.024961272
        - 0.02497032
        - 0.024996718
        - 0.025042066
        - 0.025091736
        - 0.024981184
        - 0.024801796
        - 0.024158234
        - 0.024376797
        - 0.02441276
        - 0.02420052
        - 0.024219956
        - 0.024634507
        - 0.02438824
        - 0.024466112
        - 0.024316542
        - 0.024372214
        - 0.024347996
        m_AlignBytes: 16
      restOrientations:
        serializedContents:
        - {x: 0, y: 0, z: 0, w: 1}
        - {x: 0, y: 0, z: 0, w: 1}
        - {x: 0, y: 0, z: 0, w: 1}
        - {x: 0, y: 0, z: 0, w: 1}
        - {x: 0, y: 0, z: 0, w: 1}
        - {x: 0, y: 0, z: 0, w: 1}
        - {x: 0, y: 0, z: 0, w: 1}
        - {x: 0, y: 0, z: 0, w: 1}
        - {x: 0, y: 0, z: 0, w: 1}
        - {x: 0, y: 0, z: 0, w: 1}
        - {x: 0, y: 0, z: 0, w: 1}
        - {x: 0, y: 0, z: 0, w: 1}
        - {x: 0, y: 0, z: 0, w: 1}
        - {x: 0, y: 0, z: 0, w: 1}
        - {x: 0, y: 0, z: 0, w: 1}
        - {x: 0, y: 0, z: 0, w: 1}
        - {x: 0, y: 0, z: 0, w: 1}
        - {x: 0, y: 0, z: 0, w: 1}
        - {x: 0, y: 0, z: 0, w: 1}
        - {x: 0, y: 0, z: 0, w: 1}
        - {x: 0, y: 0, z: 0, w: 1}
        - {x: 0, y: 0, z: 0, w: 1}
        - {x: 0, y: 0, z: 0, w: 1}
        - {x: 0, y: 0, z: 0, w: 1}
        - {x: 0, y: 0, z: 0, w: 1}
        - {x: 0, y: 0, z: 0, w: 1}
        - {x: 0, y: 0, z: 0, w: 1}
        - {x: 0, y: 0, z: 0, w: 1}
        - {x: 0, y: 0, z: 0, w: 1}
        - {x: 0, y: 0, z: 0, w: 1}
        - {x: 0, y: 0, z: 0, w: 1}
        - {x: 0, y: 0, z: 0, w: 1}
        - {x: 0, y: 0, z: 0, w: 1}
        - {x: 0, y: 0, z: 0, w: 1}
        - {x: 0, y: 0, z: 0, w: 1}
        - {x: 0, y: 0, z: 0, w: 1}
        - {x: 0, y: 0, z: 0, w: 1}
        - {x: 0, y: 0, z: 0, w: 1}
        - {x: 0, y: 0, z: 0, w: 1}
        - {x: 0, y: 0, z: 0, w: 1}
        - {x: 0, y: 0, z: 0, w: 1}
        - {x: 0, y: 0, z: 0, w: 1}
        - {x: 0, y: 0, z: 0, w: 1}
        - {x: 0, y: 0, z: 0, w: 1}
        - {x: 0, y: 0, z: 0, w: 1}
        - {x: 0, y: 0, z: 0, w: 1}
        - {x: 0, y: 0, z: 0, w: 1}
        - {x: 0, y: 0, z: 0, w: 1}
        - {x: 0, y: 0, z: 0, w: 1}
        - {x: 0, y: 0, z: 0, w: 1}
        - {x: 0, y: 0, z: 0, w: 1}
        - {x: 0, y: 0, z: 0, w: 1}
        - {x: 0, y: 0, z: 0, w: 1}
        m_AlignBytes: 16
      stiffnesses:
        serializedContents:
        - {x: 0, y: 0, z: 0}
        - {x: 0, y: 0, z: 0}
        - {x: 0, y: 0, z: 0}
        - {x: 0, y: 0, z: 0}
        - {x: 0, y: 0, z: 0}
        - {x: 0, y: 0, z: 0}
        - {x: 0, y: 0, z: 0}
        - {x: 0, y: 0, z: 0}
        - {x: 0, y: 0, z: 0}
        - {x: 0, y: 0, z: 0}
        - {x: 0, y: 0, z: 0}
        - {x: 0, y: 0, z: 0}
        - {x: 0, y: 0, z: 0}
        - {x: 0, y: 0, z: 0}
        - {x: 0, y: 0, z: 0}
        - {x: 0, y: 0, z: 0}
        - {x: 0, y: 0, z: 0}
        - {x: 0, y: 0, z: 0}
        - {x: 0, y: 0, z: 0}
        - {x: 0, y: 0, z: 0}
        - {x: 0, y: 0, z: 0}
        - {x: 0, y: 0, z: 0}
        - {x: 0, y: 0, z: 0}
        - {x: 0, y: 0, z: 0}
        - {x: 0, y: 0, z: 0}
        - {x: 0, y: 0, z: 0}
        - {x: 0, y: 0, z: 0}
        - {x: 0, y: 0, z: 0}
        - {x: 0, y: 0, z: 0}
        - {x: 0, y: 0, z: 0}
        - {x: 0, y: 0, z: 0}
        - {x: 0, y: 0, z: 0}
        - {x: 0, y: 0, z: 0}
        - {x: 0, y: 0, z: 0}
        - {x: 0, y: 0, z: 0}
        - {x: 0, y: 0, z: 0}
        - {x: 0, y: 0, z: 0}
        - {x: 0, y: 0, z: 0}
        - {x: 0, y: 0, z: 0}
        - {x: 0, y: 0, z: 0}
        - {x: 0, y: 0, z: 0}
        - {x: 0, y: 0, z: 0}
        - {x: 0, y: 0, z: 0}
        - {x: 0, y: 0, z: 0}
        - {x: 0, y: 0, z: 0}
        - {x: 0, y: 0, z: 0}
        - {x: 0, y: 0, z: 0}
        - {x: 0, y: 0, z: 0}
        - {x: 0, y: 0, z: 0}
        - {x: 0, y: 0, z: 0}
        - {x: 0, y: 0, z: 0}
        - {x: 0, y: 0, z: 0}
        - {x: 0, y: 0, z: 0}
        m_AlignBytes: 16
    - m_IDs: 000000000100000002000000030000000400000005000000060000000700000008000000090000000a0000000b0000000c0000000d0000000e0000000f000000100000001100000012000000130000001400000015000000160000001700000018000000190000001a0000001b0000001c0000001d0000001e0000001f000000200000002100000022000000230000002400000025000000260000002700000028000000290000002a0000002b0000002c0000002d0000002e0000002f00000030000000310000003200000033000000
      m_IDToIndex: 000000000100000002000000030000000400000005000000060000000700000008000000090000000a0000000b0000000c0000000d0000000e0000000f000000100000001100000012000000130000001400000015000000160000001700000018000000190000001a0000001b0000001c0000001d0000001e0000001f000000200000002100000022000000230000002400000025000000260000002700000028000000290000002a0000002b0000002c0000002d0000002e0000002f00000030000000310000003200000033000000
      m_ConstraintCount: 52
      m_ActiveConstraintCount: 52
      m_InitialActiveConstraintCount: 52
      particleIndices:
        serializedContents: 0100000002000000030000000400000005000000060000000700000008000000090000000a0000000b0000000c0000000d0000000e0000000f000000100000001100000012000000130000001400000015000000160000001700000018000000190000001a0000001b0000001c0000001d0000001e0000001f000000200000002100000022000000230000002400000025000000260000002700000028000000290000002a0000002b0000002c0000002d0000002e0000002f000000300000003100000032000000330000003400000035000000360000003700000038000000390000003a0000003b0000003c0000003d0000003e0000003f000000400000004100000042000000430000004400000045000000460000004700000048000000490000004a0000004b0000004c0000004d0000004e0000004f000000500000005100000052000000530000005400000055000000560000005700000058000000590000005a0000005b0000005c0000005d0000005e0000005f000000600000006100000062000000630000006400000065000000660000006700000068000000
        m_AlignBytes: 16
      lambdas:
        serializedContents: []
        m_AlignBytes: 16
      orientationIndices:
        serializedContents: 01000000030000000500000007000000090000000b0000000d0000000f00000011000000130000001500000017000000190000001b0000001d0000001f00000021000000230000002500000027000000290000002b0000002d0000002f00000031000000330000003500000037000000390000003b0000003d0000003f00000041000000430000004500000047000000490000004b0000004d0000004f00000051000000530000005500000057000000590000005b0000005d0000005f00000061000000630000006500000067000000
        m_AlignBytes: 16
      restLengths:
        serializedContents:
        - 0.02467207
        - 0.024556918
        - 0.024527041
        - 0.024464121
        - 0.024543522
        - 0.024446925
        - 0.024599439
        - 0.024397636
        - 0.02440299
        - 0.024586918
        - 0.02469902
        - 0.024753554
        - 0.024824899
        - 0.024827324
        - 0.02482915
        - 0.024829775
        - 0.024829466
        - 0.024829093
        - 0.024828214
        - 0.024823636
        - 0.024822025
        - 0.024823967
        - 0.024834288
        - 0.024779953
        - 0.025067506
        - 0.02486898
        - 0.024907332
        - 0.025087938
        - 0.02506526
        - 0.025002591
        - 0.024965113
        - 0.02494924
        - 0.024950787
        - 0.024967924
        - 0.024984747
        - 0.024984395
        - 0.024963874
        - 0.024916666
        - 0.024849948
        - 0.024917679
        - 0.025012545
        - 0.025120316
        - 0.024673646
        - 0.024498139
        - 0.024556134
        - 0.024767281
        - 0.024462456
        - 0.024439592
        - 0.024421614
        - 0.024449132
        - 0.02452515
        - 0.024482753
        m_AlignBytes: 16
      restOrientations:
        serializedContents:
        - {x: 0, y: 0, z: 0, w: 1}
        - {x: 0, y: 0, z: 0, w: 1}
        - {x: 0, y: 0, z: 0, w: 1}
        - {x: 0, y: 0, z: 0, w: 1}
        - {x: 0, y: 0, z: 0, w: 1}
        - {x: 0, y: 0, z: 0, w: 1}
        - {x: 0, y: 0, z: 0, w: 1}
        - {x: 0, y: 0, z: 0, w: 1}
        - {x: 0, y: 0, z: 0, w: 1}
        - {x: 0, y: 0, z: 0, w: 1}
        - {x: 0, y: 0, z: 0, w: 1}
        - {x: 0, y: 0, z: 0, w: 1}
        - {x: 0, y: 0, z: 0, w: 1}
        - {x: 0, y: 0, z: 0, w: 1}
        - {x: 0, y: 0, z: 0, w: 1}
        - {x: 0, y: 0, z: 0, w: 1}
        - {x: 0, y: 0, z: 0, w: 1}
        - {x: 0, y: 0, z: 0, w: 1}
        - {x: 0, y: 0, z: 0, w: 1}
        - {x: 0, y: 0, z: 0, w: 1}
        - {x: 0, y: 0, z: 0, w: 1}
        - {x: 0, y: 0, z: 0, w: 1}
        - {x: 0, y: 0, z: 0, w: 1}
        - {x: 0, y: 0, z: 0, w: 1}
        - {x: 0, y: 0, z: 0, w: 1}
        - {x: 0, y: 0, z: 0, w: 1}
        - {x: 0, y: 0, z: 0, w: 1}
        - {x: 0, y: 0, z: 0, w: 1}
        - {x: 0, y: 0, z: 0, w: 1}
        - {x: 0, y: 0, z: 0, w: 1}
        - {x: 0, y: 0, z: 0, w: 1}
        - {x: 0, y: 0, z: 0, w: 1}
        - {x: 0, y: 0, z: 0, w: 1}
        - {x: 0, y: 0, z: 0, w: 1}
        - {x: 0, y: 0, z: 0, w: 1}
        - {x: 0, y: 0, z: 0, w: 1}
        - {x: 0, y: 0, z: 0, w: 1}
        - {x: 0, y: 0, z: 0, w: 1}
        - {x: 0, y: 0, z: 0, w: 1}
        - {x: 0, y: 0, z: 0, w: 1}
        - {x: 0, y: 0, z: 0, w: 1}
        - {x: 0, y: 0, z: 0, w: 1}
        - {x: 0, y: 0, z: 0, w: 1}
        - {x: 0, y: 0, z: 0, w: 1}
        - {x: 0, y: 0, z: 0, w: 1}
        - {x: 0, y: 0, z: 0, w: 1}
        - {x: 0, y: 0, z: 0, w: 1}
        - {x: 0, y: 0, z: 0, w: 1}
        - {x: 0, y: 0, z: 0, w: 1}
        - {x: 0, y: 0, z: 0, w: 1}
        - {x: 0, y: 0, z: 0, w: 1}
        - {x: 0, y: 0, z: 0, w: 1}
        m_AlignBytes: 16
      stiffnesses:
        serializedContents:
        - {x: 0, y: 0, z: 0}
        - {x: 0, y: 0, z: 0}
        - {x: 0, y: 0, z: 0}
        - {x: 0, y: 0, z: 0}
        - {x: 0, y: 0, z: 0}
        - {x: 0, y: 0, z: 0}
        - {x: 0, y: 0, z: 0}
        - {x: 0, y: 0, z: 0}
        - {x: 0, y: 0, z: 0}
        - {x: 0, y: 0, z: 0}
        - {x: 0, y: 0, z: 0}
        - {x: 0, y: 0, z: 0}
        - {x: 0, y: 0, z: 0}
        - {x: 0, y: 0, z: 0}
        - {x: 0, y: 0, z: 0}
        - {x: 0, y: 0, z: 0}
        - {x: 0, y: 0, z: 0}
        - {x: 0, y: 0, z: 0}
        - {x: 0, y: 0, z: 0}
        - {x: 0, y: 0, z: 0}
        - {x: 0, y: 0, z: 0}
        - {x: 0, y: 0, z: 0}
        - {x: 0, y: 0, z: 0}
        - {x: 0, y: 0, z: 0}
        - {x: 0, y: 0, z: 0}
        - {x: 0, y: 0, z: 0}
        - {x: 0, y: 0, z: 0}
        - {x: 0, y: 0, z: 0}
        - {x: 0, y: 0, z: 0}
        - {x: 0, y: 0, z: 0}
        - {x: 0, y: 0, z: 0}
        - {x: 0, y: 0, z: 0}
        - {x: 0, y: 0, z: 0}
        - {x: 0, y: 0, z: 0}
        - {x: 0, y: 0, z: 0}
        - {x: 0, y: 0, z: 0}
        - {x: 0, y: 0, z: 0}
        - {x: 0, y: 0, z: 0}
        - {x: 0, y: 0, z: 0}
        - {x: 0, y: 0, z: 0}
        - {x: 0, y: 0, z: 0}
        - {x: 0, y: 0, z: 0}
        - {x: 0, y: 0, z: 0}
        - {x: 0, y: 0, z: 0}
        - {x: 0, y: 0, z: 0}
        - {x: 0, y: 0, z: 0}
        - {x: 0, y: 0, z: 0}
        - {x: 0, y: 0, z: 0}
        - {x: 0, y: 0, z: 0}
        - {x: 0, y: 0, z: 0}
        - {x: 0, y: 0, z: 0}
        - {x: 0, y: 0, z: 0}
        m_AlignBytes: 16
  bendTwistConstraintsData:
    batches:
    - m_IDs: 000000000100000002000000030000000400000005000000060000000700000008000000090000000a0000000b0000000c0000000d0000000e0000000f000000100000001100000012000000130000001400000015000000160000001700000018000000190000001a0000001b0000001c0000001d0000001e0000001f000000200000002100000022000000230000002400000025000000260000002700000028000000290000002a0000002b0000002c0000002d0000002e0000002f0000003000000031000000320000003300000034000000
      m_IDToIndex: 000000000100000002000000030000000400000005000000060000000700000008000000090000000a0000000b0000000c0000000d0000000e0000000f000000100000001100000012000000130000001400000015000000160000001700000018000000190000001a0000001b0000001c0000001d0000001e0000001f000000200000002100000022000000230000002400000025000000260000002700000028000000290000002a0000002b0000002c0000002d0000002e0000002f0000003000000031000000320000003300000034000000
      m_ConstraintCount: 53
      m_ActiveConstraintCount: 53
      m_InitialActiveConstraintCount: 53
      particleIndices:
        serializedContents: 000000000100000002000000030000000400000005000000060000000700000008000000090000000a0000000b0000000c0000000d0000000e0000000f000000100000001100000012000000130000001400000015000000160000001700000018000000190000001a0000001b0000001c0000001d0000001e0000001f000000200000002100000022000000230000002400000025000000260000002700000028000000290000002a0000002b0000002c0000002d0000002e0000002f000000300000003100000032000000330000003400000035000000360000003700000038000000390000003a0000003b0000003c0000003d0000003e0000003f000000400000004100000042000000430000004400000045000000460000004700000048000000490000004a0000004b0000004c0000004d0000004e0000004f000000500000005100000052000000530000005400000055000000560000005700000058000000590000005a0000005b0000005c0000005d0000005e0000005f00000060000000610000006200000063000000640000006500000066000000670000006800000069000000
        m_AlignBytes: 16
      lambdas:
        serializedContents: []
        m_AlignBytes: 16
      restDarbouxVectors:
        serializedContents:
        - {x: 0.00072705065, y: -0.0010451893, z: -0.000011461719, w: 0.99999917}
        - {x: 0.0068360204, y: -0.00021986937, z: 0.0000018225476, w: 0.99997663}
        - {x: 0.0069455956, y: -0.000078099656, z: 0.0000028237323, w: 0.9999759}
        - {x: 0.006568166, y: -0.000026565383, z: 0.0000016810449, w: 0.9999784}
        - {x: 0.0061991517, y: -0.0000025371894, z: 0.00000022593461, w: 0.99998075}
        - {x: 0.0058623003, y: 0.000010552203, z: -0.0000011956328, w: 0.99998283}
        - {x: 0.005541877, y: 0.000018186576, z: -0.0000024853418, w: 0.9999846}
        - {x: 0.005264296, y: 0.000022803613, z: -0.0000036250492, w: 0.9999862}
        - {x: 0.0050368393, y: 0.000025955569, z: -0.0000046579335, w: 0.99998736}
        - {x: 0.0048211184, y: 0.000027985041, z: -0.0000055947935, w: 0.9999884}
        - {x: 0.0046252934, y: 0.000029228111, z: -0.000006411699, w: 0.9999894}
        - {x: 0.0044438187, y: 0.000030017005, z: -0.0000071690256, w: 0.99999017}
        - {x: -0.0049025826, y: 0.00004001471, z: -0.000009540358, w: 0.999988}
        - {x: -0.0064266394, y: 0.000043878674, z: -0.000009418231, w: 0.9999793}
        - {x: -0.007934534, y: 0.000047950485, z: -0.000008864593, w: 0.9999685}
        - {x: -0.0094589805, y: 0.00005237437, z: -0.000007802104, w: 0.99995536}
        - {x: -0.011018697, y: 0.000056904875, z: -0.0000061138726, w: 0.9999394}
        - {x: -0.012599083, y: 0.00006166388, z: -0.0000036911879, w: 0.99992067}
        - {x: -0.014180598, y: 0.00006664373, z: -0.00000041397013, w: 0.9998995}
        - {x: -0.015717085, y: 0.000071586954, z: 0.0000038432877, w: 0.9998765}
        - {x: -0.017124433, y: 0.00007654467, z: 0.000009178719, w: 0.9998533}
        - {x: -0.01831645, y: 0.00008083592, z: 0.000015576825, w: 0.9998323}
        - {x: -0.019194253, y: 0.0000848179, z: 0.000023049472, w: 0.99981576}
        - {x: -0.026938695, y: 0.00014219852, z: 0.000051992054, w: 0.99963707}
        - {x: -0.026763327, y: 0.00015406848, z: 0.0000775098, w: 0.9996418}
        - {x: -0.020573618, y: 0.000117549615, z: 0.0000737221, w: 0.99978834}
        - {x: -0.0167062, y: 0.00009384077, z: 0.000069026624, w: 0.9998604}
        - {x: -0.014115429, y: 0.00007723735, z: 0.00006448224, w: 0.9999004}
        - {x: -0.0123240845, y: 0.00006509171, z: 0.000060424776, w: 0.99992406}
        - {x: -0.011134936, y: 0.000056349774, z: 0.000057468907, w: 0.9999381}
        - {x: -0.010353703, y: 0.0000499438, z: 0.000055434248, w: 0.9999464}
        - {x: -0.00987518, y: 0.000045036104, z: 0.000054296506, w: 0.9999513}
        - {x: -0.009643331, y: 0.000041614032, z: 0.000054309556, w: 0.9999535}
        - {x: -0.009630329, y: 0.000039116738, z: 0.000055391403, w: 0.9999537}
        - {x: -0.0098298285, y: 0.000037710015, z: 0.00005806795, w: 0.99995166}
        - {x: -0.010248982, y: 0.000037378188, z: 0.000062908366, w: 0.9999475}
        - {x: -0.010912855, y: 0.000038145292, z: 0.00007089876, w: 0.99994045}
        - {x: -0.011873443, y: 0.0000405324, z: 0.0000844456, w: 0.99992955}
        - {x: -0.013212294, y: 0.00004560351, z: 0.00010834624, w: 0.9999128}
        - {x: -0.015093232, y: 0.000054856406, z: 0.00015440743, w: 0.9998861}
        - {x: -0.017622, y: 0.000072945666, z: 0.00025706753, w: 0.99984473}
        - {x: -0.0061976686, y: 0.00007917121, z: 0.00036382733, w: 0.99998075}
        - {x: 0.00877142, y: 0.000053097552, z: 0.00022347228, w: 0.99996156}
        - {x: 0.010515714, y: 0.000061549326, z: 0.00022074912, w: 0.99994475}
        - {x: 0.012887766, y: 0.000074386524, z: 0.00022562758, w: 0.9999169}
        - {x: 0.016163537, y: 0.00009424596, z: 0.00023875742, w: 0.99986935}
        - {x: 0.020756219, y: 0.0001261755, z: 0.0002615895, w: 0.9997846}
        - {x: 0.027962424, y: 0.0001847735, z: 0.00030386445, w: 0.999609}
        - {x: 0.038363524, y: 0.00029340244, z: 0.0003643951, w: 0.9992637}
        - {x: 0.053675197, y: 0.00052819814, z: 0.00045389167, w: 0.9985583}
        - {x: 0.071100764, y: 0.0010988136, z: 0.0005445393, w: 0.9974684}
        - {x: 0.080272324, y: 0.0030171345, z: 0.0004652, w: 0.9967683}
        - {x: 0, y: 0, z: 0, w: 1}
        m_AlignBytes: 16
      stiffnesses:
        serializedContents:
        - {x: 0, y: 0, z: 0}
        - {x: 0, y: 0, z: 0}
        - {x: 0, y: 0, z: 0}
        - {x: 0, y: 0, z: 0}
        - {x: 0, y: 0, z: 0}
        - {x: 0, y: 0, z: 0}
        - {x: 0, y: 0, z: 0}
        - {x: 0, y: 0, z: 0}
        - {x: 0, y: 0, z: 0}
        - {x: 0, y: 0, z: 0}
        - {x: 0, y: 0, z: 0}
        - {x: 0, y: 0, z: 0}
        - {x: 0, y: 0, z: 0}
        - {x: 0, y: 0, z: 0}
        - {x: 0, y: 0, z: 0}
        - {x: 0, y: 0, z: 0}
        - {x: 0, y: 0, z: 0}
        - {x: 0, y: 0, z: 0}
        - {x: 0, y: 0, z: 0}
        - {x: 0, y: 0, z: 0}
        - {x: 0, y: 0, z: 0}
        - {x: 0, y: 0, z: 0}
        - {x: 0, y: 0, z: 0}
        - {x: 0, y: 0, z: 0}
        - {x: 0, y: 0, z: 0}
        - {x: 0, y: 0, z: 0}
        - {x: 0, y: 0, z: 0}
        - {x: 0, y: 0, z: 0}
        - {x: 0, y: 0, z: 0}
        - {x: 0, y: 0, z: 0}
        - {x: 0, y: 0, z: 0}
        - {x: 0, y: 0, z: 0}
        - {x: 0, y: 0, z: 0}
        - {x: 0, y: 0, z: 0}
        - {x: 0, y: 0, z: 0}
        - {x: 0, y: 0, z: 0}
        - {x: 0, y: 0, z: 0}
        - {x: 0, y: 0, z: 0}
        - {x: 0, y: 0, z: 0}
        - {x: 0, y: 0, z: 0}
        - {x: 0, y: 0, z: 0}
        - {x: 0, y: 0, z: 0}
        - {x: 0, y: 0, z: 0}
        - {x: 0, y: 0, z: 0}
        - {x: 0, y: 0, z: 0}
        - {x: 0, y: 0, z: 0}
        - {x: 0, y: 0, z: 0}
        - {x: 0, y: 0, z: 0}
        - {x: 0, y: 0, z: 0}
        - {x: 0, y: 0, z: 0}
        - {x: 0, y: 0, z: 0}
        - {x: 0, y: 0, z: 0}
        - {x: 0, y: 0, z: 0}
        m_AlignBytes: 16
      plasticity:
        serializedContents:
        - {x: 0, y: 0}
        - {x: 0, y: 0}
        - {x: 0, y: 0}
        - {x: 0, y: 0}
        - {x: 0, y: 0}
        - {x: 0, y: 0}
        - {x: 0, y: 0}
        - {x: 0, y: 0}
        - {x: 0, y: 0}
        - {x: 0, y: 0}
        - {x: 0, y: 0}
        - {x: 0, y: 0}
        - {x: 0, y: 0}
        - {x: 0, y: 0}
        - {x: 0, y: 0}
        - {x: 0, y: 0}
        - {x: 0, y: 0}
        - {x: 0, y: 0}
        - {x: 0, y: 0}
        - {x: 0, y: 0}
        - {x: 0, y: 0}
        - {x: 0, y: 0}
        - {x: 0, y: 0}
        - {x: 0, y: 0}
        - {x: 0, y: 0}
        - {x: 0, y: 0}
        - {x: 0, y: 0}
        - {x: 0, y: 0}
        - {x: 0, y: 0}
        - {x: 0, y: 0}
        - {x: 0, y: 0}
        - {x: 0, y: 0}
        - {x: 0, y: 0}
        - {x: 0, y: 0}
        - {x: 0, y: 0}
        - {x: 0, y: 0}
        - {x: 0, y: 0}
        - {x: 0, y: 0}
        - {x: 0, y: 0}
        - {x: 0, y: 0}
        - {x: 0, y: 0}
        - {x: 0, y: 0}
        - {x: 0, y: 0}
        - {x: 0, y: 0}
        - {x: 0, y: 0}
        - {x: 0, y: 0}
        - {x: 0, y: 0}
        - {x: 0, y: 0}
        - {x: 0, y: 0}
        - {x: 0, y: 0}
        - {x: 0, y: 0}
        - {x: 0, y: 0}
        - {x: 0, y: 0}
        m_AlignBytes: 16
    - m_IDs: 000000000100000002000000030000000400000005000000060000000700000008000000090000000a0000000b0000000c0000000d0000000e0000000f000000100000001100000012000000130000001400000015000000160000001700000018000000190000001a0000001b0000001c0000001d0000001e0000001f000000200000002100000022000000230000002400000025000000260000002700000028000000290000002a0000002b0000002c0000002d0000002e0000002f00000030000000310000003200000033000000
      m_IDToIndex: 000000000100000002000000030000000400000005000000060000000700000008000000090000000a0000000b0000000c0000000d0000000e0000000f000000100000001100000012000000130000001400000015000000160000001700000018000000190000001a0000001b0000001c0000001d0000001e0000001f000000200000002100000022000000230000002400000025000000260000002700000028000000290000002a0000002b0000002c0000002d0000002e0000002f00000030000000310000003200000033000000
      m_ConstraintCount: 52
      m_ActiveConstraintCount: 52
      m_InitialActiveConstraintCount: 52
      particleIndices:
        serializedContents: 0100000002000000030000000400000005000000060000000700000008000000090000000a0000000b0000000c0000000d0000000e0000000f000000100000001100000012000000130000001400000015000000160000001700000018000000190000001a0000001b0000001c0000001d0000001e0000001f000000200000002100000022000000230000002400000025000000260000002700000028000000290000002a0000002b0000002c0000002d0000002e0000002f000000300000003100000032000000330000003400000035000000360000003700000038000000390000003a0000003b0000003c0000003d0000003e0000003f000000400000004100000042000000430000004400000045000000460000004700000048000000490000004a0000004b0000004c0000004d0000004e0000004f000000500000005100000052000000530000005400000055000000560000005700000058000000590000005a0000005b0000005c0000005d0000005e0000005f000000600000006100000062000000630000006400000065000000660000006700000068000000
        m_AlignBytes: 16
      lambdas:
        serializedContents: []
        m_AlignBytes: 16
      restDarbouxVectors:
        serializedContents:
        - {x: 0.005846677, y: -0.00041928812, z: -0.0000018417426, w: 0.9999829}
        - {x: 0.007033581, y: -0.00012900389, z: 0.000002858864, w: 0.99997526}
        - {x: 0.006762804, y: -0.000047044738, z: 0.0000023472073, w: 0.9999771}
        - {x: 0.0063787433, y: -0.0000126145505, z: 0.0000009630628, w: 0.9999797}
        - {x: 0.006039867, y: 0.000004887967, z: -0.0000004974635, w: 0.99998176}
        - {x: 0.005678073, y: 0.000014792816, z: -0.0000018422207, w: 0.9999839}
        - {x: 0.0054229256, y: 0.000020866952, z: -0.0000030786928, w: 0.99998534}
        - {x: 0.00515298, y: 0.000024649888, z: -0.0000041685084, w: 0.99998677}
        - {x: 0.004913896, y: 0.000026930555, z: -0.0000051279576, w: 0.99998796}
        - {x: 0.004712554, y: 0.00002854475, z: -0.000006005118, w: 0.9999889}
        - {x: 0.004527794, y: 0.00002949663, z: -0.0000067861474, w: 0.9999898}
        - {x: 0.000018538109, y: 0.000034555105, z: -0.000008424706, w: 1}
        - {x: -0.0056708865, y: 0.00004200356, z: -0.000009541557, w: 0.9999839}
        - {x: -0.0071807913, y: 0.000045931516, z: -0.000009209059, w: 0.9999742}
        - {x: -0.00869337, y: 0.00005005744, z: -0.000008398337, w: 0.9999623}
        - {x: -0.010233258, y: 0.000054519234, z: -0.0000070265805, w: 0.9999477}
        - {x: -0.011801753, y: 0.000059232036, z: -0.000004999215, w: 0.9999304}
        - {x: -0.013395921, y: 0.00006419243, z: -0.0000021686012, w: 0.99991035}
        - {x: -0.014960521, y: 0.000069138245, z: 0.0000015847594, w: 0.9998882}
        - {x: -0.016440239, y: 0.00007402866, z: 0.0000063655843, w: 0.9998648}
        - {x: -0.01775328, y: 0.00007884132, z: 0.000012250557, w: 0.9998424}
        - {x: -0.018801086, y: 0.00008295202, z: 0.000019193272, w: 0.9998233}
        - {x: -0.019493975, y: 0.00008635605, z: 0.00002711257, w: 0.99981}
        - {x: -0.030905282, y: 0.00017825018, z: 0.000077113866, w: 0.9995223}
        - {x: -0.023371553, y: 0.00013428912, z: 0.0000761986, w: 0.99972683}
        - {x: -0.018444492, y: 0.000104518775, z: 0.000071426024, w: 0.9998299}
        - {x: -0.015230054, y: 0.00008454986, z: 0.00006646017, w: 0.999884}
        - {x: -0.013124328, y: 0.00007064795, z: 0.0000622979, w: 0.9999139}
        - {x: -0.011684747, y: 0.000060499482, z: 0.00005894429, w: 0.9999318}
        - {x: -0.010710989, y: 0.000052907362, z: 0.0000563722, w: 0.99994266}
        - {x: -0.01008572, y: 0.000047335587, z: 0.000054845947, w: 0.99994916}
        - {x: -0.009730106, y: 0.000043137643, z: 0.000054197484, w: 0.9999527}
        - {x: -0.009607377, y: 0.000040143386, z: 0.000054620225, w: 0.99995387}
        - {x: -0.009700759, y: 0.000038273316, z: 0.000056478326, w: 0.99995303}
        - {x: -0.010007754, y: 0.000037390182, z: 0.000060129903, w: 0.99994993}
        - {x: -0.010548762, y: 0.0000375442, z: 0.000066365996, w: 0.9999444}
        - {x: -0.011362323, y: 0.00003927102, z: 0.00007694591, w: 0.99993545}
        - {x: -0.012506144, y: 0.000042776865, z: 0.000094796975, w: 0.9999219}
        - {x: -0.014079736, y: 0.000049425413, z: 0.00012719928, w: 0.99990094}
        - {x: -0.016224656, y: 0.0000622217, z: 0.00019388928, w: 0.9998684}
        - {x: -0.019148294, y: 0.00008849859, z: 0.00036214993, w: 0.9998166}
        - {x: 0.008139398, y: 0.00005038968, z: 0.00022952812, w: 0.9999669}
        - {x: 0.009620806, y: 0.000057022084, z: 0.00022198347, w: 0.99995375}
        - {x: 0.011605934, y: 0.00006711698, z: 0.00022202927, w: 0.99993265}
        - {x: 0.014317334, y: 0.00008272485, z: 0.00022985972, w: 0.99989754}
        - {x: 0.018300142, y: 0.000108456, z: 0.00024919925, w: 0.9998325}
        - {x: 0.024091681, y: 0.00015181147, z: 0.00028150572, w: 0.9997097}
        - {x: 0.032573074, y: 0.00022928727, z: 0.00033021407, w: 0.99946934}
        - {x: 0.045446333, y: 0.00038751616, z: 0.0004062266, w: 0.99896663}
        - {x: 0.062413093, y: 0.0007434896, z: 0.0005018463, w: 0.99805003}
        - {x: 0.077723004, y: 0.0017232826, z: 0.00055416906, w: 0.99697334}
        - {x: 0.07597447, y: 0.007101912, z: -0.000024357332, w: 0.9970845}
        m_AlignBytes: 16
      stiffnesses:
        serializedContents:
        - {x: 0, y: 0, z: 0}
        - {x: 0, y: 0, z: 0}
        - {x: 0, y: 0, z: 0}
        - {x: 0, y: 0, z: 0}
        - {x: 0, y: 0, z: 0}
        - {x: 0, y: 0, z: 0}
        - {x: 0, y: 0, z: 0}
        - {x: 0, y: 0, z: 0}
        - {x: 0, y: 0, z: 0}
        - {x: 0, y: 0, z: 0}
        - {x: 0, y: 0, z: 0}
        - {x: 0, y: 0, z: 0}
        - {x: 0, y: 0, z: 0}
        - {x: 0, y: 0, z: 0}
        - {x: 0, y: 0, z: 0}
        - {x: 0, y: 0, z: 0}
        - {x: 0, y: 0, z: 0}
        - {x: 0, y: 0, z: 0}
        - {x: 0, y: 0, z: 0}
        - {x: 0, y: 0, z: 0}
        - {x: 0, y: 0, z: 0}
        - {x: 0, y: 0, z: 0}
        - {x: 0, y: 0, z: 0}
        - {x: 0, y: 0, z: 0}
        - {x: 0, y: 0, z: 0}
        - {x: 0, y: 0, z: 0}
        - {x: 0, y: 0, z: 0}
        - {x: 0, y: 0, z: 0}
        - {x: 0, y: 0, z: 0}
        - {x: 0, y: 0, z: 0}
        - {x: 0, y: 0, z: 0}
        - {x: 0, y: 0, z: 0}
        - {x: 0, y: 0, z: 0}
        - {x: 0, y: 0, z: 0}
        - {x: 0, y: 0, z: 0}
        - {x: 0, y: 0, z: 0}
        - {x: 0, y: 0, z: 0}
        - {x: 0, y: 0, z: 0}
        - {x: 0, y: 0, z: 0}
        - {x: 0, y: 0, z: 0}
        - {x: 0, y: 0, z: 0}
        - {x: 0, y: 0, z: 0}
        - {x: 0, y: 0, z: 0}
        - {x: 0, y: 0, z: 0}
        - {x: 0, y: 0, z: 0}
        - {x: 0, y: 0, z: 0}
        - {x: 0, y: 0, z: 0}
        - {x: 0, y: 0, z: 0}
        - {x: 0, y: 0, z: 0}
        - {x: 0, y: 0, z: 0}
        - {x: 0, y: 0, z: 0}
        - {x: 0, y: 0, z: 0}
        m_AlignBytes: 16
      plasticity:
        serializedContents:
        - {x: 0, y: 0}
        - {x: 0, y: 0}
        - {x: 0, y: 0}
        - {x: 0, y: 0}
        - {x: 0, y: 0}
        - {x: 0, y: 0}
        - {x: 0, y: 0}
        - {x: 0, y: 0}
        - {x: 0, y: 0}
        - {x: 0, y: 0}
        - {x: 0, y: 0}
        - {x: 0, y: 0}
        - {x: 0, y: 0}
        - {x: 0, y: 0}
        - {x: 0, y: 0}
        - {x: 0, y: 0}
        - {x: 0, y: 0}
        - {x: 0, y: 0}
        - {x: 0, y: 0}
        - {x: 0, y: 0}
        - {x: 0, y: 0}
        - {x: 0, y: 0}
        - {x: 0, y: 0}
        - {x: 0, y: 0}
        - {x: 0, y: 0}
        - {x: 0, y: 0}
        - {x: 0, y: 0}
        - {x: 0, y: 0}
        - {x: 0, y: 0}
        - {x: 0, y: 0}
        - {x: 0, y: 0}
        - {x: 0, y: 0}
        - {x: 0, y: 0}
        - {x: 0, y: 0}
        - {x: 0, y: 0}
        - {x: 0, y: 0}
        - {x: 0, y: 0}
        - {x: 0, y: 0}
        - {x: 0, y: 0}
        - {x: 0, y: 0}
        - {x: 0, y: 0}
        - {x: 0, y: 0}
        - {x: 0, y: 0}
        - {x: 0, y: 0}
        - {x: 0, y: 0}
        - {x: 0, y: 0}
        - {x: 0, y: 0}
        - {x: 0, y: 0}
        - {x: 0, y: 0}
        - {x: 0, y: 0}
        - {x: 0, y: 0}
        - {x: 0, y: 0}
        m_AlignBytes: 16
  shapeMatchingConstraintsData:
    batches: []
  aerodynamicConstraintsData:
    batches: []
  chainConstraintsData:
    batches:
    - m_IDs: 00000000
      m_IDToIndex: 00000000
      m_ConstraintCount: 1
      m_ActiveConstraintCount: 1
      m_InitialActiveConstraintCount: 1
      particleIndices:
        serializedContents: 000000000100000002000000030000000400000005000000060000000700000008000000090000000a0000000b0000000c0000000d0000000e0000000f000000100000001100000012000000130000001400000015000000160000001700000018000000190000001a0000001b0000001c0000001d0000001e0000001f000000200000002100000022000000230000002400000025000000260000002700000028000000290000002a0000002b0000002c0000002d0000002e0000002f000000300000003100000032000000330000003400000035000000360000003700000038000000390000003a0000003b0000003c0000003d0000003e0000003f000000400000004100000042000000430000004400000045000000460000004700000048000000490000004a0000004b0000004c0000004d0000004e0000004f000000500000005100000052000000530000005400000055000000560000005700000058000000590000005a0000005b0000005c0000005d0000005e0000005f00000060000000610000006200000063000000640000006500000066000000670000006800000069000000
        m_AlignBytes: 16
      lambdas:
        serializedContents: []
        m_AlignBytes: 16
      firstParticle:
        serializedContents: 00000000
        m_AlignBytes: 16
      numParticles:
        serializedContents: 6a000000
        m_AlignBytes: 16
      lengths:
        serializedContents:
        - {x: 0.024729, y: 0.024729}
        m_AlignBytes: 16
  volumeConstraintsData:
    batches: []
  groups:
  - {fileID: -6760075866819103194}
  - {fileID: 4070998439712626178}
  - {fileID: -155558241668906925}
  - {fileID: -4480702097277564648}
  - {fileID: -2340629830947964514}
  path:
    m_Names:
    - head
    - point
    - point
    - point
    - tail
    m_Points:
      data:
      - tangentMode: 0
        inTangent: {x: -0.25, y: -0, z: -0}
        position: {x: -1, y: -1.0024133, z: 0}
        outTangent: {x: 0.05650407, y: 0, z: 0}
      - tangentMode: 0
        inTangent: {x: -0.3246239, y: 0.080618486, z: -0.001811094}
        position: {x: -0.41760063, y: -1.0715784, z: 0.0033473969}
        outTangent: {x: 0.17632294, y: -0.04378879, z: 0.000983715}
      - tangentMode: 0
        inTangent: {x: -0.18943548, y: -0.06769943, z: -0.00049734116}
        position: {x: 0.144835, y: -1.0795572, z: 0.0057735443}
        outTangent: {x: 0.21342416, y: 0.076272376, z: 0.0005603207}
      - tangentMode: 0
        inTangent: {x: -0.05550561, y: -0.27347207, z: 0.00033890034}
        position: {x: 0.6825104, y: -0.39503658, z: 0.0054056644}
        outTangent: {x: 0.083642006, y: 0.41209805, z: -0.0005106926}
      - tangentMode: 0
        inTangent: {x: -0.04703945, y: 0.0067439717, z: 0.002873533}
        position: {x: 0.975687, y: -0.0011590719, z: 0}
        outTangent: {x: 0.24701798, y: -0.03541458, z: -0.015089766}
    m_Normals:
      data:
      - {x: 0, y: 1, z: 0}
      - {x: 0, y: 1, z: 0}
      - {x: 0, y: 1, z: 0}
      - {x: 0, y: 1, z: 0}
      - {x: 0, y: 1, z: 0}
    m_Colors:
      data:
      - {r: 1, g: 1, b: 1, a: 1}
      - {r: 1, g: 1, b: 1, a: 1}
      - {r: 1, g: 1, b: 1, a: 1}
      - {r: 1, g: 1, b: 1, a: 1}
      - {r: 1, g: 1, b: 1, a: 1}
    m_Thickness:
      data:
      - 1
      - 1
      - 1
      - 1
      - 1
    m_Masses:
      data:
      - 0.1
      - 0.1
      - 0.1
      - 0.1
      - 0.1
    m_RotationalMasses:
      data:
      - 0.01
      - 0.01
      - 0.01
      - 0.01
      - 0.01
    m_Filters:
      data: 0200ffff0200ffff0200ffff0200ffff0200ffff
    m_Closed: 0
    m_ArcLengthTable:
    - 0
    - 0.009054817
    - 0.02006622
    - 0.033019666
    - 0.047900565
    - 0.064695105
    - 0.083390675
    - 0.10397605
    - 0.12644155
    - 0.15077914
    - 0.17698246
    - 0.20504694
    - 0.23496969
    - 0.26674968
    - 0.30038774
    - 0.33588648
    - 0.37325037
    - 0.41248572
    - 0.4536007
    - 0.4966054
    - 0.54151165
    - 0.5883332
    - 0.61439776
    - 0.6406638
    - 0.66710436
    - 0.6936944
    - 0.72041094
    - 0.7472334
    - 0.7741438
    - 0.8011274
    - 0.8281725
    - 0.8552714
    - 0.88242024
    - 0.9096196
    - 0.9368749
    - 0.96419656
    - 0.99160045
    - 1.0191083
    - 1.0467477
    - 1.0745524
    - 1.1025627
    - 1.1308249
    - 1.1593919
    - 1.1927215
    - 1.227953
    - 1.2650371
    - 1.3038764
    - 1.3443387
    - 1.3862665
    - 1.429484
    - 1.4738026
    - 1.5190239
    - 1.5649436
    - 1.6113535
    - 1.658044
    - 1.7048054
    - 1.7514305
    - 1.797716
    - 1.8434652
    - 1.88849
    - 1.9326142
    - 1.9756776
    - 2.0175405
    - 2.0580902
    - 2.1154993
    - 2.1678026
    - 2.2153308
    - 2.258417
    - 2.2973952
    - 2.3326015
    - 2.3643708
    - 2.3930354
    - 2.4189215
    - 2.4423447
    - 2.463603
    - 2.4829702
    - 2.5006864
    - 2.5169513
    - 2.5319166
    - 2.545683
    - 2.558298
    - 2.56976
    - 2.5800202
    - 2.5889895
    - 2.596545
    m_TotalSplineLenght: 2.596545
    OnPathChanged:
      m_PersistentCalls:
        m_Calls: []
    OnControlPointAdded:
      m_PersistentCalls:
        m_Calls: []
    OnControlPointRemoved:
      m_PersistentCalls:
        m_Calls: []
    OnControlPointRenamed:
      m_PersistentCalls:
        m_Calls: []
  thickness: 0.025
  resolution: 1
  m_InterParticleDistance: 0.024729
  totalParticles: 106
  m_RestLength: 2.5963244
  restLengths:
  - 0.024295565
  - 0.02467207
  - 0.02433741
  - 0.024556918
  - 0.024572842
  - 0.024527041
  - 0.024481941
  - 0.024464121
  - 0.024483636
  - 0.024543522
  - 0.02464245
  - 0.024446925
  - 0.024421303
  - 0.024599439
  - 0.02454267
  - 0.024397636
  - 0.024660593
  - 0.02440299
  - 0.02451972
  - 0.024586918
  - 0.02440296
  - 0.02469902
  - 0.024318675
  - 0.024753554
  - 0.024823798
  - 0.024824899
  - 0.024826063
  - 0.024827324
  - 0.024828386
  - 0.02482915
  - 0.02482953
  - 0.024829775
  - 0.02482967
  - 0.024829466
  - 0.024829198
  - 0.024829093
  - 0.024829444
  - 0.024828214
  - 0.024824623
  - 0.024823636
  - 0.02482279
  - 0.024822025
  - 0.024822362
  - 0.024823967
  - 0.024827575
  - 0.024834288
  - 0.02484572
  - 0.024779953
  - 0.024904711
  - 0.025067506
  - 0.024972033
  - 0.02486898
  - 0.025085108
  - 0.024907332
  - 0.024949303
  - 0.025087938
  - 0.024847737
  - 0.02506526
  - 0.024899857
  - 0.025002591
  - 0.024966383
  - 0.024965113
  - 0.024996893
  - 0.02494924
  - 0.02500113
  - 0.024950787
  - 0.024985723
  - 0.024967924
  - 0.024966845
  - 0.024984747
  - 0.024961272
  - 0.024984395
  - 0.02497032
  - 0.024963874
  - 0.024996718
  - 0.024916666
  - 0.025042066
  - 0.024849948
  - 0.025091736
  - 0.024917679
  - 0.024981184
  - 0.025012545
  - 0.024801796
  - 0.025120316
  - 0.024158234
  - 0.024673646
  - 0.024376797
  - 0.024498139
  - 0.02441276
  - 0.024556134
  - 0.02420052
  - 0.024767281
  - 0.024219956
  - 0.024462456
  - 0.024634507
  - 0.024439592
  - 0.02438824
  - 0.024421614
  - 0.024466112
  - 0.024449132
  - 0.024316542
  - 0.02452515
  - 0.024372214
  - 0.024482753
  - 0.024347996
  - 0
  keepInitialShape: 1
--- !u!114 &4070998439712626178
MonoBehaviour:
  m_ObjectHideFlags: 0
  m_CorrespondingSourceObject: {fileID: 0}
  m_PrefabInstance: {fileID: 0}
  m_PrefabAsset: {fileID: 0}
  m_GameObject: {fileID: 0}
  m_Enabled: 1
  m_EditorHideFlags: 0
  m_Script: {fileID: 11500000, guid: 775ad4994fda946d1a5936c7e2dfc785, type: 3}
  m_Name: point
  m_EditorClassIdentifier: 
  particleIndices: 18000000
  m_Blueprint: {fileID: 11400000}
