%YAML 1.1
%TAG !u! tag:unity3d.com,2011:
--- !u!29 &1
OcclusionCullingSettings:
  m_ObjectHideFlags: 0
  serializedVersion: 2
  m_OcclusionBakeSettings:
    smallestOccluder: 5
    smallestHole: 0.25
    backfaceThreshold: 100
  m_SceneGUID: 00000000000000000000000000000000
  m_OcclusionCullingData: {fileID: 0}
--- !u!104 &2
RenderSettings:
  m_ObjectHideFlags: 0
  serializedVersion: 9
  m_Fog: 0
  m_FogColor: {r: 0.5, g: 0.5, b: 0.5, a: 1}
  m_FogMode: 1
  m_FogDensity: 0.06
  m_LinearFogStart: 5
  m_LinearFogEnd: 12
  m_AmbientSkyColor: {r: 0.212, g: 0.227, b: 0.259, a: 1}
  m_AmbientEquatorColor: {r: 0.114, g: 0.125, b: 0.133, a: 1}
  m_AmbientGroundColor: {r: 0.047, g: 0.043, b: 0.035, a: 1}
  m_AmbientIntensity: 1
  m_AmbientMode: 0
  m_SubtractiveShadowColor: {r: 1, g: 1, b: 1, a: 1}
  m_SkyboxMaterial: {fileID: 2100000, guid: 9f4241ed0f240c1489503715eb8567dd, type: 2}
  m_HaloStrength: 0.387
  m_FlareStrength: 1
  m_FlareFadeSpeed: 3
  m_HaloTexture: {fileID: 0}
  m_SpotCookie: {fileID: 10001, guid: 0000000000000000e000000000000000, type: 0}
  m_DefaultReflectionMode: 0
  m_DefaultReflectionResolution: 64
  m_ReflectionBounces: 1
  m_ReflectionIntensity: 1
  m_CustomReflection: {fileID: 0}
  m_Sun: {fileID: 0}
  m_IndirectSpecularColor: {r: 0.3529439, g: 0.36711645, b: 0.35982358, a: 1}
  m_UseRadianceAmbientProbe: 0
--- !u!157 &3
LightmapSettings:
  m_ObjectHideFlags: 0
  serializedVersion: 12
  m_GIWorkflowMode: 1
  m_GISettings:
    serializedVersion: 2
    m_BounceScale: 1
    m_IndirectOutputScale: 1
    m_AlbedoBoost: 1
    m_EnvironmentLightingMode: 0
    m_EnableBakedLightmaps: 1
    m_EnableRealtimeLightmaps: 0
  m_LightmapEditorSettings:
    serializedVersion: 12
    m_Resolution: 2
    m_BakeResolution: 40
    m_AtlasSize: 1024
    m_AO: 0
    m_AOMaxDistance: 1
    m_CompAOExponent: 1
    m_CompAOExponentDirect: 0
    m_ExtractAmbientOcclusion: 0
    m_Padding: 2
    m_LightmapParameters: {fileID: 0}
    m_LightmapsBakeMode: 1
    m_TextureCompression: 1
    m_FinalGather: 0
    m_FinalGatherFiltering: 1
    m_FinalGatherRayCount: 256
    m_ReflectionCompression: 2
    m_MixedBakeMode: 2
    m_BakeBackend: 1
    m_PVRSampling: 1
    m_PVRDirectSampleCount: 32
    m_PVRSampleCount: 512
    m_PVRBounces: 2
    m_PVREnvironmentSampleCount: 256
    m_PVREnvironmentReferencePointCount: 2048
    m_PVRFilteringMode: 1
    m_PVRDenoiserTypeDirect: 1
    m_PVRDenoiserTypeIndirect: 1
    m_PVRDenoiserTypeAO: 1
    m_PVRFilterTypeDirect: 0
    m_PVRFilterTypeIndirect: 0
    m_PVRFilterTypeAO: 0
    m_PVREnvironmentMIS: 1
    m_PVRCulling: 1
    m_PVRFilteringGaussRadiusDirect: 1
    m_PVRFilteringGaussRadiusIndirect: 5
    m_PVRFilteringGaussRadiusAO: 2
    m_PVRFilteringAtrousPositionSigmaDirect: 0.5
    m_PVRFilteringAtrousPositionSigmaIndirect: 2
    m_PVRFilteringAtrousPositionSigmaAO: 1
    m_ExportTrainingData: 0
    m_TrainingDataDestination: TrainingData
    m_LightProbeSampleCountMultiplier: 4
  m_LightingDataAsset: {fileID: 0}
  m_LightingSettings: {fileID: 4890085278179872738, guid: ad741c16a4e98944b84ae224a9a6f9e3, type: 2}
--- !u!196 &4
NavMeshSettings:
  serializedVersion: 2
  m_ObjectHideFlags: 0
  m_BuildSettings:
    serializedVersion: 2
    agentTypeID: 0
    agentRadius: 0.5
    agentHeight: 2
    agentSlope: 45
    agentClimb: 0.4
    ledgeDropHeight: 0
    maxJumpAcrossDistance: 0
    minRegionArea: 2
    manualCellSize: 0
    cellSize: 0.16666667
    manualTileSize: 0
    tileSize: 256
    accuratePlacement: 0
    maxJobWorkers: 0
    preserveTilesOutsideBounds: 0
    debug:
      m_Flags: 0
  m_NavMeshData: {fileID: 0}
--- !u!1 &445883291
GameObject:
  m_ObjectHideFlags: 0
  m_CorrespondingSourceObject: {fileID: 0}
  m_PrefabInstance: {fileID: 0}
  m_PrefabAsset: {fileID: 0}
  serializedVersion: 6
  m_Component:
  - component: {fileID: 445883293}
  - component: {fileID: 445883292}
  m_Layer: 0
  m_Name: Hologram Manager
  m_TagString: Untagged
  m_Icon: {fileID: 0}
  m_NavMeshLayer: 0
  m_StaticEditorFlags: 0
  m_IsActive: 1
--- !u!114 &445883292
MonoBehaviour:
  m_ObjectHideFlags: 0
  m_CorrespondingSourceObject: {fileID: 0}
  m_PrefabInstance: {fileID: 0}
  m_PrefabAsset: {fileID: 0}
  m_GameObject: {fileID: 445883291}
  m_Enabled: 1
  m_EditorHideFlags: 0
  m_Script: {fileID: 11500000, guid: b78e3cd22987ffb4c859b8e05fa0407b, type: 3}
  m_Name: 
  m_EditorClassIdentifier: 
  serializationData:
    SerializedFormat: 2
    SerializedBytes: 
    ReferencedUnityObjects: []
    SerializedBytesString: 
    Prefab: {fileID: 0}
    PrefabModificationsReferencedUnityObjects: []
    PrefabModifications: []
    SerializationNodes:
    - Name: actionDict
      Entry: 6
      Data: 
--- !u!4 &445883293
Transform:
  m_ObjectHideFlags: 0
  m_CorrespondingSourceObject: {fileID: 0}
  m_PrefabInstance: {fileID: 0}
  m_PrefabAsset: {fileID: 0}
  m_GameObject: {fileID: 445883291}
  m_LocalRotation: {x: -0, y: -0, z: -0, w: 1}
  m_LocalPosition: {x: 3.6646059, y: 2.2494926, z: 1.9336612}
  m_LocalScale: {x: 1, y: 1, z: 1}
  m_Children: []
  m_Father: {fileID: 1510151934}
  m_RootOrder: 0
  m_LocalEulerAnglesHint: {x: 0, y: 0, z: 0}
--- !u!1 &1029997304
GameObject:
  m_ObjectHideFlags: 0
  m_CorrespondingSourceObject: {fileID: 0}
  m_PrefabInstance: {fileID: 0}
  m_PrefabAsset: {fileID: 0}
  serializedVersion: 6
  m_Component:
  - component: {fileID: 1029997308}
  - component: {fileID: 1029997307}
  - component: {fileID: 1029997306}
  m_Layer: 0
  m_Name: HVRGlobal
  m_TagString: Untagged
  m_Icon: {fileID: 0}
  m_NavMeshLayer: 0
  m_StaticEditorFlags: 0
  m_IsActive: 1
--- !u!114 &1029997306
MonoBehaviour:
  m_ObjectHideFlags: 0
  m_CorrespondingSourceObject: {fileID: 0}
  m_PrefabInstance: {fileID: 0}
  m_PrefabAsset: {fileID: 0}
  m_GameObject: {fileID: 1029997304}
  m_Enabled: 1
  m_EditorHideFlags: 0
  m_Script: {fileID: 11500000, guid: 94e2703aa70f47be808cc7d516fced77, type: 3}
  m_Name: 
  m_EditorClassIdentifier: 
  OpenVRLoader: Open VR Loader
  OculusLoader: Oculus Loader
  OpenXRLoader: Open XR Loader
  WMRLoader: Windows MR Loader
  UseOVRInputs: 0
  OVRHaptics: 0
  ForceOVRInputUpdate: 1
  InitializeSteamVR: 1
  InitializeSteamVRActions: 1
  UseNewInputSystem: 0
  TrackingSpace: 2
  FingerSettings: {fileID: 0}
  WMRInputMap: {fileID: 11400000, guid: 124009afce8494b46b50a7b8e468ed5b, type: 2}
  WMROpenVRInputMap: {fileID: 11400000, guid: 73f6a87a93c783d4c9388abfdbe5c0af, type: 2}
  WMRWithButtonsInputMap: {fileID: 0}
  OculusInputMap: {fileID: 11400000, guid: dcf21fbd7ffd7f947b782b608806c6c4, type: 2}
  OculusOpenVRInputMap: {fileID: 11400000, guid: f7c2d96778c503b46966cfb5b4adf828, type: 2}
  ViveInputMap: {fileID: 11400000, guid: fe1ab9350dfac0141ae1397f20750127, type: 2}
  KnucklesInputMap: {fileID: 11400000, guid: c916ec0ed5099a6488a2c81fae5ef2f3, type: 2}
  CosmosInputMap: {fileID: 0}
  WMRDeadzone: {x: 0.15, y: 0.15}
  OculusDeadzone: {x: 0.15, y: 0.15}
  ViveDeadzone: {x: 0, y: 0}
  KnucklesDeadzone: {x: 0, y: 0}
  CosmosDeadzone: {x: 0, y: 0}
  DeadzoneOverride: {x: 0, y: 0}
  OverrideDeadzone: 0
  CurrentSDK: 4
  XRPluginLoader: 
  LegacyActive: 0
  XRPluginActive: 0
  VRPlugin: 0
  HMDManufacturer: 
  HMDName: 
  LeftManufacturer: 
  LeftControllerName: 
  RightManufacturer: 
  RightControllerName: 
  LeftXRInputSystem: 0
  RightXRInputSystem: 0
  LeftFeatures: []
  RightFeatures: []
  HMDFeatures: []
  LeftController: {fileID: 0}
  RightController: {fileID: 0}
  LeftXRInputController: {fileID: 0}
  RightXRInputController: {fileID: 0}
  LeftOculusController: {fileID: 0}
  RightOculusController: {fileID: 0}
  LeftSteamController: {fileID: 0}
  RightSteamController: {fileID: 0}
  LeftInputSystemController: {fileID: 0}
  RightInputSystemController: {fileID: 0}
  HMDFirstActivation:
    m_PersistentCalls:
      m_Calls: []
  HMDActivated:
    m_PersistentCalls:
      m_Calls: []
  HMDDeactivated:
    m_PersistentCalls:
      m_Calls: []
  HMDRecentered:
    m_PersistentCalls:
      m_Calls: []
  UserSensed:
    m_PersistentCalls:
      m_Calls: []
  UserNotSensed:
    m_PersistentCalls:
      m_Calls: []
  LeftControllerConnected:
    m_PersistentCalls:
      m_Calls: []
  RightControllerConnected:
    m_PersistentCalls:
      m_Calls: []
  hmdpos: {x: 0, y: 0, z: 0}
--- !u!114 &1029997307
MonoBehaviour:
  m_ObjectHideFlags: 0
  m_CorrespondingSourceObject: {fileID: 0}
  m_PrefabInstance: {fileID: 0}
  m_PrefabAsset: {fileID: 0}
  m_GameObject: {fileID: 1029997304}
  m_Enabled: 1
  m_EditorHideFlags: 0
  m_Script: {fileID: 11500000, guid: 923ec526580e484ca0d4716c43ccccc8, type: 3}
  m_Name: 
  m_EditorClassIdentifier: 
  GrabberManager: {fileID: 0}
  PlayerController: {fileID: 0}
  HighlightPrefab: {fileID: 0}
  Camera: {fileID: 0}
--- !u!4 &1029997308
Transform:
  m_ObjectHideFlags: 0
  m_CorrespondingSourceObject: {fileID: 0}
  m_PrefabInstance: {fileID: 0}
  m_PrefabAsset: {fileID: 0}
  m_GameObject: {fileID: 1029997304}
  m_LocalRotation: {x: -0, y: -0, z: -0, w: 1}
  m_LocalPosition: {x: 0.09276128, y: 2.468001, z: 0.41113162}
  m_LocalScale: {x: 1, y: 1, z: 1}
  m_Children: []
  m_Father: {fileID: 1510151934}
  m_RootOrder: 1
  m_LocalEulerAnglesHint: {x: 0, y: 0, z: 0}
--- !u!114 &1242070068
MonoBehaviour:
  m_ObjectHideFlags: 0
  m_CorrespondingSourceObject: {fileID: 0}
  m_PrefabInstance: {fileID: 0}
  m_PrefabAsset: {fileID: 0}
  m_GameObject: {fileID: 1260347816812687806}
  m_Enabled: 1
  m_EditorHideFlags: 0
  m_Script: {fileID: 11500000, guid: f66243b37a49dd34385a2b2d23dc2505, type: 3}
  m_Name: 
  m_EditorClassIdentifier: 
  playerTransform: {fileID: 1260347816812687803}
  activeTeleportPoint: {fileID: 0}
  lerpRate: 0.025
  lastBoothId: -1
--- !u!1 &1251065538
GameObject:
  m_ObjectHideFlags: 0
  m_CorrespondingSourceObject: {fileID: 0}
  m_PrefabInstance: {fileID: 0}
  m_PrefabAsset: {fileID: 0}
  serializedVersion: 6
  m_Component:
  - component: {fileID: 1251065539}
  - component: {fileID: 1251065542}
  - component: {fileID: 1251065541}
  - component: {fileID: 1251065540}
  m_Layer: 8
  m_Name: Cube
  m_TagString: Untagged
  m_Icon: {fileID: 0}
  m_NavMeshLayer: 0
  m_StaticEditorFlags: 0
  m_IsActive: 0
--- !u!4 &1251065539
Transform:
  m_ObjectHideFlags: 0
  m_CorrespondingSourceObject: {fileID: 0}
  m_PrefabInstance: {fileID: 0}
  m_PrefabAsset: {fileID: 0}
  m_GameObject: {fileID: 1251065538}
  m_LocalRotation: {x: 0, y: 0, z: 0, w: 1}
  m_LocalPosition: {x: -0, y: 0, z: 0}
  m_LocalScale: {x: 0.10586, y: 0.10586, z: 0.10586}
  m_Children: []
  m_Father: {fileID: 1260347816812687807}
  m_RootOrder: 0
  m_LocalEulerAnglesHint: {x: 0, y: 0, z: 0}
--- !u!65 &1251065540
BoxCollider:
  m_ObjectHideFlags: 0
  m_CorrespondingSourceObject: {fileID: 0}
  m_PrefabInstance: {fileID: 0}
  m_PrefabAsset: {fileID: 0}
  m_GameObject: {fileID: 1251065538}
  m_Material: {fileID: 0}
  m_IsTrigger: 0
  m_Enabled: 1
  serializedVersion: 2
  m_Size: {x: 1, y: 1, z: 1}
  m_Center: {x: 0, y: 0, z: 0}
--- !u!23 &1251065541
MeshRenderer:
  m_ObjectHideFlags: 0
  m_CorrespondingSourceObject: {fileID: 0}
  m_PrefabInstance: {fileID: 0}
  m_PrefabAsset: {fileID: 0}
  m_GameObject: {fileID: 1251065538}
  m_Enabled: 0
  m_CastShadows: 1
  m_ReceiveShadows: 1
  m_DynamicOccludee: 1
  m_MotionVectors: 1
  m_LightProbeUsage: 1
  m_ReflectionProbeUsage: 1
  m_RayTracingMode: 2
  m_RayTraceProcedural: 0
  m_RenderingLayerMask: 1
  m_RendererPriority: 0
  m_Materials:
  - {fileID: 2100000, guid: 31321ba15b8f8eb4c954353edc038b1d, type: 2}
  m_StaticBatchInfo:
    firstSubMesh: 0
    subMeshCount: 0
  m_StaticBatchRoot: {fileID: 0}
  m_ProbeAnchor: {fileID: 0}
  m_LightProbeVolumeOverride: {fileID: 0}
  m_ScaleInLightmap: 1
  m_ReceiveGI: 1
  m_PreserveUVs: 0
  m_IgnoreNormalsForChartDetection: 0
  m_ImportantGI: 0
  m_StitchLightmapSeams: 1
  m_SelectedEditorRenderState: 3
  m_MinimumChartSize: 4
  m_AutoUVMaxDistance: 0.5
  m_AutoUVMaxAngle: 89
  m_LightmapParameters: {fileID: 0}
  m_SortingLayerID: 0
  m_SortingLayer: 0
  m_SortingOrder: 0
  m_AdditionalVertexStreams: {fileID: 0}
--- !u!33 &1251065542
MeshFilter:
  m_ObjectHideFlags: 0
  m_CorrespondingSourceObject: {fileID: 0}
  m_PrefabInstance: {fileID: 0}
  m_PrefabAsset: {fileID: 0}
  m_GameObject: {fileID: 1251065538}
  m_Mesh: {fileID: 10202, guid: 0000000000000000e000000000000000, type: 0}
--- !u!1 &1510151933
GameObject:
  m_ObjectHideFlags: 0
  m_CorrespondingSourceObject: {fileID: 0}
  m_PrefabInstance: {fileID: 0}
  m_PrefabAsset: {fileID: 0}
  serializedVersion: 6
  m_Component:
  - component: {fileID: 1510151934}
  m_Layer: 0
  m_Name: VREssentials
  m_TagString: Untagged
  m_Icon: {fileID: 0}
  m_NavMeshLayer: 0
  m_StaticEditorFlags: 0
  m_IsActive: 1
--- !u!4 &1510151934
Transform:
  m_ObjectHideFlags: 0
  m_CorrespondingSourceObject: {fileID: 0}
  m_PrefabInstance: {fileID: 0}
  m_PrefabAsset: {fileID: 0}
  m_GameObject: {fileID: 1510151933}
  m_LocalRotation: {x: 0, y: 0, z: 0, w: 1}
  m_LocalPosition: {x: 0, y: 0, z: 0}
  m_LocalScale: {x: 1, y: 1, z: 1}
  m_Children:
  - {fileID: 445883293}
  - {fileID: 1029997308}
  - {fileID: 5712769371147374659}
  - {fileID: 2062080133}
  - {fileID: 1260347816812687803}
  m_Father: {fileID: 2120501298}
  m_RootOrder: 0
  m_LocalEulerAnglesHint: {x: 0, y: 0, z: 0}
--- !u!1001 &2062080132
PrefabInstance:
  m_ObjectHideFlags: 0
  serializedVersion: 2
  m_Modification:
    m_TransformParent: {fileID: 1510151934}
    m_Modifications:
    - target: {fileID: 7365062987187564514, guid: d979b720b0ea0aa4fbee62ad582bea0d, type: 3}
      propertyPath: m_RootOrder
      value: 3
      objectReference: {fileID: 0}
    - target: {fileID: 7365062987187564514, guid: d979b720b0ea0aa4fbee62ad582bea0d, type: 3}
      propertyPath: m_LocalPosition.x
      value: 0.48422933
      objectReference: {fileID: 0}
    - target: {fileID: 7365062987187564514, guid: d979b720b0ea0aa4fbee62ad582bea0d, type: 3}
      propertyPath: m_LocalPosition.y
      value: 0.9905782
      objectReference: {fileID: 0}
    - target: {fileID: 7365062987187564514, guid: d979b720b0ea0aa4fbee62ad582bea0d, type: 3}
      propertyPath: m_LocalPosition.z
      value: -0.8277346
      objectReference: {fileID: 0}
    - target: {fileID: 7365062987187564514, guid: d979b720b0ea0aa4fbee62ad582bea0d, type: 3}
      propertyPath: m_LocalRotation.w
      value: 1
      objectReference: {fileID: 0}
    - target: {fileID: 7365062987187564514, guid: d979b720b0ea0aa4fbee62ad582bea0d, type: 3}
      propertyPath: m_LocalRotation.x
      value: -0
      objectReference: {fileID: 0}
    - target: {fileID: 7365062987187564514, guid: d979b720b0ea0aa4fbee62ad582bea0d, type: 3}
      propertyPath: m_LocalRotation.y
      value: -0
      objectReference: {fileID: 0}
    - target: {fileID: 7365062987187564514, guid: d979b720b0ea0aa4fbee62ad582bea0d, type: 3}
      propertyPath: m_LocalRotation.z
      value: -0
      objectReference: {fileID: 0}
    - target: {fileID: 7365062987187564514, guid: d979b720b0ea0aa4fbee62ad582bea0d, type: 3}
      propertyPath: m_LocalEulerAnglesHint.x
      value: 0
      objectReference: {fileID: 0}
    - target: {fileID: 7365062987187564514, guid: d979b720b0ea0aa4fbee62ad582bea0d, type: 3}
      propertyPath: m_LocalEulerAnglesHint.y
      value: 0
      objectReference: {fileID: 0}
    - target: {fileID: 7365062987187564514, guid: d979b720b0ea0aa4fbee62ad582bea0d, type: 3}
      propertyPath: m_LocalEulerAnglesHint.z
      value: 0
      objectReference: {fileID: 0}
    - target: {fileID: 7365062987187564524, guid: d979b720b0ea0aa4fbee62ad582bea0d, type: 3}
      propertyPath: m_Name
      value: SFXPlayer
      objectReference: {fileID: 0}
    m_RemovedComponents: []
  m_SourcePrefab: {fileID: 100100000, guid: d979b720b0ea0aa4fbee62ad582bea0d, type: 3}
--- !u!4 &2062080133 stripped
Transform:
  m_CorrespondingSourceObject: {fileID: 7365062987187564514, guid: d979b720b0ea0aa4fbee62ad582bea0d, type: 3}
  m_PrefabInstance: {fileID: 2062080132}
  m_PrefabAsset: {fileID: 0}
--- !u!1 &2120501296
GameObject:
  m_ObjectHideFlags: 0
  m_CorrespondingSourceObject: {fileID: 0}
  m_PrefabInstance: {fileID: 0}
  m_PrefabAsset: {fileID: 0}
  serializedVersion: 6
  m_Component:
  - component: {fileID: 2120501298}
  - component: {fileID: 5976011253002261409}
  m_Layer: 0
  m_Name: Pertamina-360VR
  m_TagString: Untagged
  m_Icon: {fileID: 0}
  m_NavMeshLayer: 0
  m_StaticEditorFlags: 0
  m_IsActive: 1
--- !u!4 &2120501298
Transform:
  m_ObjectHideFlags: 0
  m_CorrespondingSourceObject: {fileID: 0}
  m_PrefabInstance: {fileID: 0}
  m_PrefabAsset: {fileID: 0}
  m_GameObject: {fileID: 2120501296}
  m_LocalRotation: {x: 0, y: 0, z: 0, w: 1}
  m_LocalPosition: {x: 0, y: 0, z: 0}
  m_LocalScale: {x: 1, y: 1, z: 1}
  m_Children:
  - {fileID: 1510151934}
  - {fileID: 4888141201352462705}
  - {fileID: 1012833265665211609}
  m_Father: {fileID: 0}
  m_RootOrder: 0
  m_LocalEulerAnglesHint: {x: 0, y: 0, z: 0}
--- !u!33 &398624175193667038
MeshFilter:
  m_ObjectHideFlags: 0
  m_CorrespondingSourceObject: {fileID: 0}
  m_PrefabInstance: {fileID: 0}
  m_PrefabAsset: {fileID: 0}
  m_GameObject: {fileID: 8054659742698301952}
  m_Mesh: {fileID: 10207, guid: 0000000000000000e000000000000000, type: 0}
--- !u!224 &505983037671217163
RectTransform:
  m_ObjectHideFlags: 0
  m_CorrespondingSourceObject: {fileID: 0}
  m_PrefabInstance: {fileID: 0}
  m_PrefabAsset: {fileID: 0}
  m_GameObject: {fileID: 6510843207824169160}
  m_LocalRotation: {x: 0, y: 0, z: 0, w: 1}
  m_LocalPosition: {x: 0, y: 0, z: 0}
  m_LocalScale: {x: 1, y: 1, z: 1}
  m_Children:
  - {fileID: 7589344372384533568}
  m_Father: {fileID: 3355954527829633359}
  m_RootOrder: 0
  m_LocalEulerAnglesHint: {x: 0, y: 0, z: 0}
  m_AnchorMin: {x: 0.5, y: 0.5}
  m_AnchorMax: {x: 0.5, y: 0.5}
  m_AnchoredPosition: {x: 0, y: 1.017}
  m_SizeDelta: {x: 1.5, y: 0.5}
  m_Pivot: {x: 0.5, y: 0.5}
--- !u!1 &596550833356332848
GameObject:
  m_ObjectHideFlags: 0
  m_CorrespondingSourceObject: {fileID: 0}
  m_PrefabInstance: {fileID: 0}
  m_PrefabAsset: {fileID: 0}
  serializedVersion: 6
  m_Component:
  - component: {fileID: 3355954527829633359}
  - component: {fileID: 1961010471911358634}
  m_Layer: 5
  m_Name: IndicatorParent
  m_TagString: Untagged
  m_Icon: {fileID: 0}
  m_NavMeshLayer: 0
  m_StaticEditorFlags: 0
  m_IsActive: 1
--- !u!114 &689249678605175430
MonoBehaviour:
  m_ObjectHideFlags: 0
  m_CorrespondingSourceObject: {fileID: 0}
  m_PrefabInstance: {fileID: 0}
  m_PrefabAsset: {fileID: 0}
  m_GameObject: {fileID: 6364237645121362891}
  m_Enabled: 1
  m_EditorHideFlags: 0
  m_Script: {fileID: 11500000, guid: f4688fdb7df04437aeb418b961361dc5, type: 3}
  m_Name: 
  m_EditorClassIdentifier: 
  m_Material: {fileID: 0}
  m_Color: {r: 1, g: 1, b: 1, a: 1}
  m_RaycastTarget: 1
  m_RaycastPadding: {x: 0, y: 0, z: 0, w: 0}
  m_Maskable: 1
  m_OnCullStateChanged:
    m_PersistentCalls:
      m_Calls: []
  m_text: New Text
  m_isRightToLeft: 0
  m_fontAsset: {fileID: 11400000, guid: 8f586378b4e144a9851e7b34d9b748ee, type: 2}
  m_sharedMaterial: {fileID: 2180264, guid: 8f586378b4e144a9851e7b34d9b748ee, type: 2}
  m_fontSharedMaterials: []
  m_fontMaterial: {fileID: 0}
  m_fontMaterials: []
  m_fontColor32:
    serializedVersion: 2
    rgba: 4294967295
  m_fontColor: {r: 1, g: 1, b: 1, a: 1}
  m_enableVertexGradient: 0
  m_colorMode: 3
  m_fontColorGradient:
    topLeft: {r: 1, g: 1, b: 1, a: 1}
    topRight: {r: 1, g: 1, b: 1, a: 1}
    bottomLeft: {r: 1, g: 1, b: 1, a: 1}
    bottomRight: {r: 1, g: 1, b: 1, a: 1}
  m_fontColorGradientPreset: {fileID: 0}
  m_spriteAsset: {fileID: 0}
  m_tintAllSprites: 0
  m_StyleSheet: {fileID: 0}
  m_TextStyleHashCode: -1183493901
  m_overrideHtmlColors: 0
  m_faceColor:
    serializedVersion: 2
    rgba: 4294967295
  m_fontSize: 0.1
  m_fontSizeBase: 0.1
  m_fontWeight: 400
  m_enableAutoSizing: 0
  m_fontSizeMin: 18
  m_fontSizeMax: 72
  m_fontStyle: 0
  m_HorizontalAlignment: 2
  m_VerticalAlignment: 512
  m_textAlignment: 65535
  m_characterSpacing: 0
  m_wordSpacing: 0
  m_lineSpacing: 0
  m_lineSpacingMax: 0
  m_paragraphSpacing: 0
  m_charWidthMaxAdj: 0
  m_enableWordWrapping: 1
  m_wordWrappingRatios: 0.4
  m_overflowMode: 0
  m_linkedTextComponent: {fileID: 0}
  parentLinkedComponent: {fileID: 0}
  m_enableKerning: 1
  m_enableExtraPadding: 0
  checkPaddingRequired: 0
  m_isRichText: 1
  m_parseCtrlCharacters: 1
  m_isOrthographic: 1
  m_isCullingEnabled: 0
  m_horizontalMapping: 0
  m_verticalMapping: 0
  m_uvLineOffset: 0
  m_geometrySortingOrder: 0
  m_IsTextObjectScaleStatic: 0
  m_VertexBufferAutoSizeReduction: 0
  m_useMaxVisibleDescender: 1
  m_pageToDisplay: 1
  m_margin: {x: 0, y: 0, z: 0, w: 0}
  m_isUsingLegacyAnimationComponent: 0
  m_isVolumetricText: 0
  m_hasFontAssetChanged: 0
  m_baseMaterial: {fileID: 0}
  m_maskOffset: {x: 0, y: 0, z: 0, w: 0}
--- !u!4 &1012833265665211609
Transform:
  m_ObjectHideFlags: 0
  m_CorrespondingSourceObject: {fileID: 0}
  m_PrefabInstance: {fileID: 0}
  m_PrefabAsset: {fileID: 0}
  m_GameObject: {fileID: 8054659742698301952}
  m_LocalRotation: {x: -0, y: -0, z: -0, w: 1}
  m_LocalPosition: {x: 0, y: 0, z: 0}
  m_LocalScale: {x: 0.25, y: 0.25, z: 0.25}
  m_Children:
  - {fileID: 5026473622654969379}
  m_Father: {fileID: 2120501298}
  m_RootOrder: 2
  m_LocalEulerAnglesHint: {x: 0, y: 0, z: 0}
--- !u!1001 &1260347816812687801
PrefabInstance:
  m_ObjectHideFlags: 0
  serializedVersion: 2
  m_Modification:
    m_TransformParent: {fileID: 1510151934}
    m_Modifications:
    - target: {fileID: 1260347815350486723, guid: aeb8616379d83374298cc5c377b091d5, type: 3}
      propertyPath: m_Enabled
      value: 1
      objectReference: {fileID: 0}
    - target: {fileID: 2587873211946944012, guid: aeb8616379d83374298cc5c377b091d5, type: 3}
      propertyPath: m_CullingMask.m_Bits
      value: 3671607
      objectReference: {fileID: 0}
    - target: {fileID: 2587873212369596881, guid: aeb8616379d83374298cc5c377b091d5, type: 3}
      propertyPath: Gravity
      value: 0
      objectReference: {fileID: 0}
    - target: {fileID: 2587873212369596881, guid: aeb8616379d83374298cc5c377b091d5, type: 3}
      propertyPath: MoveSpeed
      value: 0
      objectReference: {fileID: 0}
    - target: {fileID: 2587873212369596882, guid: aeb8616379d83374298cc5c377b091d5, type: 3}
      propertyPath: m_Enabled
      value: 1
      objectReference: {fileID: 0}
    - target: {fileID: 2587873212819104612, guid: aeb8616379d83374298cc5c377b091d5, type: 3}
      propertyPath: m_Name
      value: Player Variant
      objectReference: {fileID: 0}
    - target: {fileID: 2587873212819104619, guid: aeb8616379d83374298cc5c377b091d5, type: 3}
      propertyPath: m_RootOrder
      value: 4
      objectReference: {fileID: 0}
    - target: {fileID: 2587873212819104619, guid: aeb8616379d83374298cc5c377b091d5, type: 3}
      propertyPath: m_LocalPosition.x
      value: 0
      objectReference: {fileID: 0}
    - target: {fileID: 2587873212819104619, guid: aeb8616379d83374298cc5c377b091d5, type: 3}
      propertyPath: m_LocalPosition.y
      value: 1.0039997
      objectReference: {fileID: 0}
    - target: {fileID: 2587873212819104619, guid: aeb8616379d83374298cc5c377b091d5, type: 3}
      propertyPath: m_LocalPosition.z
      value: 0
      objectReference: {fileID: 0}
    - target: {fileID: 2587873212819104619, guid: aeb8616379d83374298cc5c377b091d5, type: 3}
      propertyPath: m_LocalRotation.w
      value: 0.21921244
      objectReference: {fileID: 0}
    - target: {fileID: 2587873212819104619, guid: aeb8616379d83374298cc5c377b091d5, type: 3}
      propertyPath: m_LocalRotation.x
      value: -0
      objectReference: {fileID: 0}
    - target: {fileID: 2587873212819104619, guid: aeb8616379d83374298cc5c377b091d5, type: 3}
      propertyPath: m_LocalRotation.y
      value: -0.9756772
      objectReference: {fileID: 0}
    - target: {fileID: 2587873212819104619, guid: aeb8616379d83374298cc5c377b091d5, type: 3}
      propertyPath: m_LocalRotation.z
      value: -0
      objectReference: {fileID: 0}
    - target: {fileID: 2587873212819104619, guid: aeb8616379d83374298cc5c377b091d5, type: 3}
      propertyPath: m_LocalEulerAnglesHint.x
      value: 0
      objectReference: {fileID: 0}
    - target: {fileID: 2587873212819104619, guid: aeb8616379d83374298cc5c377b091d5, type: 3}
      propertyPath: m_LocalEulerAnglesHint.y
      value: -154.674
      objectReference: {fileID: 0}
    - target: {fileID: 2587873212819104619, guid: aeb8616379d83374298cc5c377b091d5, type: 3}
      propertyPath: m_LocalEulerAnglesHint.z
      value: 0
      objectReference: {fileID: 0}
    - target: {fileID: 2689504924165704985, guid: aeb8616379d83374298cc5c377b091d5, type: 3}
      propertyPath: m_IsActive
      value: 0
      objectReference: {fileID: 0}
    - target: {fileID: 2720412954469664922, guid: aeb8616379d83374298cc5c377b091d5, type: 3}
      propertyPath: m_IsActive
      value: 1
      objectReference: {fileID: 0}
    - target: {fileID: 2778890120212412103, guid: aeb8616379d83374298cc5c377b091d5, type: 3}
      propertyPath: m_IsActive
      value: 0
      objectReference: {fileID: 0}
    - target: {fileID: 3881785086149966185, guid: aeb8616379d83374298cc5c377b091d5, type: 3}
      propertyPath: m_LocalPosition.x
      value: 0.021
      objectReference: {fileID: 0}
    - target: {fileID: 3881785086149966185, guid: aeb8616379d83374298cc5c377b091d5, type: 3}
      propertyPath: m_LocalPosition.y
      value: -0.007
      objectReference: {fileID: 0}
    - target: {fileID: 3881785086149966185, guid: aeb8616379d83374298cc5c377b091d5, type: 3}
      propertyPath: m_LocalPosition.z
      value: 0.823
      objectReference: {fileID: 0}
    - target: {fileID: 6350969522566987603, guid: aeb8616379d83374298cc5c377b091d5, type: 3}
      propertyPath: m_IsActive
      value: 1
      objectReference: {fileID: 0}
    m_RemovedComponents: []
  m_SourcePrefab: {fileID: 100100000, guid: aeb8616379d83374298cc5c377b091d5, type: 3}
--- !u!4 &1260347816812687802 stripped
Transform:
  m_CorrespondingSourceObject: {fileID: 2587873211946944014, guid: aeb8616379d83374298cc5c377b091d5, type: 3}
  m_PrefabInstance: {fileID: 1260347816812687801}
  m_PrefabAsset: {fileID: 0}
--- !u!4 &1260347816812687803 stripped
Transform:
  m_CorrespondingSourceObject: {fileID: 2587873212819104619, guid: aeb8616379d83374298cc5c377b091d5, type: 3}
  m_PrefabInstance: {fileID: 1260347816812687801}
  m_PrefabAsset: {fileID: 0}
--- !u!114 &1260347816812687804 stripped
MonoBehaviour:
  m_CorrespondingSourceObject: {fileID: 2026436667094555766, guid: aeb8616379d83374298cc5c377b091d5, type: 3}
  m_PrefabInstance: {fileID: 1260347816812687801}
  m_PrefabAsset: {fileID: 0}
  m_GameObject: {fileID: 0}
  m_Enabled: 1
  m_EditorHideFlags: 0
  m_Script: {fileID: 11500000, guid: ce026d01d1f538044a048be125f5a85e, type: 3}
  m_Name: 
  m_EditorClassIdentifier: 
--- !u!114 &1260347816812687805 stripped
MonoBehaviour:
  m_CorrespondingSourceObject: {fileID: 7531904438792152504, guid: aeb8616379d83374298cc5c377b091d5, type: 3}
  m_PrefabInstance: {fileID: 1260347816812687801}
  m_PrefabAsset: {fileID: 0}
  m_GameObject: {fileID: 0}
  m_Enabled: 1
  m_EditorHideFlags: 0
  m_Script: {fileID: 11500000, guid: ce026d01d1f538044a048be125f5a85e, type: 3}
  m_Name: 
  m_EditorClassIdentifier: 
--- !u!1 &1260347816812687806 stripped
GameObject:
  m_CorrespondingSourceObject: {fileID: 2587873212819104612, guid: aeb8616379d83374298cc5c377b091d5, type: 3}
  m_PrefabInstance: {fileID: 1260347816812687801}
  m_PrefabAsset: {fileID: 0}
--- !u!4 &1260347816812687807 stripped
Transform:
  m_CorrespondingSourceObject: {fileID: 3881785086149966185, guid: aeb8616379d83374298cc5c377b091d5, type: 3}
  m_PrefabInstance: {fileID: 1260347816812687801}
  m_PrefabAsset: {fileID: 0}
--- !u!114 &1393898215577083708
MonoBehaviour:
  m_ObjectHideFlags: 0
  m_CorrespondingSourceObject: {fileID: 0}
  m_PrefabInstance: {fileID: 0}
  m_PrefabAsset: {fileID: 0}
  m_GameObject: {fileID: 6510843207824169160}
  m_Enabled: 1
  m_EditorHideFlags: 0
  m_Script: {fileID: 11500000, guid: fe87c0e1cc204ed48ad3b37840f39efc, type: 3}
  m_Name: 
  m_EditorClassIdentifier: 
  m_Material: {fileID: 0}
  m_Color: {r: 0.5, g: 0.5, b: 0.5, a: 1}
  m_RaycastTarget: 1
  m_RaycastPadding: {x: 0, y: 0, z: 0, w: 0}
  m_Maskable: 1
  m_OnCullStateChanged:
    m_PersistentCalls:
      m_Calls: []
  m_Sprite: {fileID: 0}
  m_Type: 0
  m_PreserveAspect: 0
  m_FillCenter: 1
  m_FillMethod: 4
  m_FillAmount: 1
  m_FillClockwise: 1
  m_FillOrigin: 0
  m_UseSpriteMesh: 0
  m_PixelsPerUnitMultiplier: 1
--- !u!33 &1506526202469656284
MeshFilter:
  m_ObjectHideFlags: 0
  m_CorrespondingSourceObject: {fileID: 0}
  m_PrefabInstance: {fileID: 0}
  m_PrefabAsset: {fileID: 0}
  m_GameObject: {fileID: 7474352206369949505}
  m_Mesh: {fileID: 10202, guid: 0000000000000000e000000000000000, type: 0}
--- !u!222 &1516984527906357467
CanvasRenderer:
  m_ObjectHideFlags: 0
  m_CorrespondingSourceObject: {fileID: 0}
  m_PrefabInstance: {fileID: 0}
  m_PrefabAsset: {fileID: 0}
  m_GameObject: {fileID: 6364237645121362891}
  m_CullTransparentMesh: 1
--- !u!1 &1961010470458424432
GameObject:
  m_ObjectHideFlags: 0
  m_CorrespondingSourceObject: {fileID: 0}
  m_PrefabInstance: {fileID: 0}
  m_PrefabAsset: {fileID: 0}
  serializedVersion: 6
  m_Component:
  - component: {fileID: 1961010470458424433}
  - component: {fileID: 1961010470458424435}
  - component: {fileID: 1961010470458424434}
  m_Layer: 5
  m_Name: MainText (1)
  m_TagString: Untagged
  m_Icon: {fileID: 0}
  m_NavMeshLayer: 0
  m_StaticEditorFlags: 0
  m_IsActive: 0
--- !u!224 &1961010470458424433
RectTransform:
  m_ObjectHideFlags: 0
  m_CorrespondingSourceObject: {fileID: 0}
  m_PrefabInstance: {fileID: 0}
  m_PrefabAsset: {fileID: 0}
  m_GameObject: {fileID: 1961010470458424432}
  m_LocalRotation: {x: -0, y: -0, z: -0, w: 1}
  m_LocalPosition: {x: 0, y: 0, z: 0}
  m_LocalScale: {x: 1, y: 1, z: 1}
  m_Children: []
  m_Father: {fileID: 1961010471298523110}
  m_RootOrder: 2
  m_LocalEulerAnglesHint: {x: 0, y: 0, z: 0}
  m_AnchorMin: {x: 0.5, y: 0}
  m_AnchorMax: {x: 0.5, y: 0}
  m_AnchoredPosition: {x: 0, y: 0.5}
  m_SizeDelta: {x: 300, y: 50}
  m_Pivot: {x: 0.5, y: 0}
--- !u!114 &1961010470458424434
MonoBehaviour:
  m_ObjectHideFlags: 0
  m_CorrespondingSourceObject: {fileID: 0}
  m_PrefabInstance: {fileID: 0}
  m_PrefabAsset: {fileID: 0}
  m_GameObject: {fileID: 1961010470458424432}
  m_Enabled: 1
  m_EditorHideFlags: 0
  m_Script: {fileID: 11500000, guid: f4688fdb7df04437aeb418b961361dc5, type: 3}
  m_Name: 
  m_EditorClassIdentifier: 
  m_Material: {fileID: 0}
  m_Color: {r: 1, g: 1, b: 1, a: 1}
  m_RaycastTarget: 1
  m_RaycastPadding: {x: 0, y: 0, z: 0, w: 0}
  m_Maskable: 1
  m_OnCullStateChanged:
    m_PersistentCalls:
      m_Calls: []
  m_text: Detail tempat
  m_isRightToLeft: 0
  m_fontAsset: {fileID: 11400000, guid: 8f586378b4e144a9851e7b34d9b748ee, type: 2}
  m_sharedMaterial: {fileID: 2180264, guid: 8f586378b4e144a9851e7b34d9b748ee, type: 2}
  m_fontSharedMaterials: []
  m_fontMaterial: {fileID: 0}
  m_fontMaterials: []
  m_fontColor32:
    serializedVersion: 2
    rgba: 4286278510
  m_fontColor: {r: 0.43137255, g: 0.41960785, b: 0.48235294, a: 1}
  m_enableVertexGradient: 0
  m_colorMode: 3
  m_fontColorGradient:
    topLeft: {r: 1, g: 1, b: 1, a: 1}
    topRight: {r: 1, g: 1, b: 1, a: 1}
    bottomLeft: {r: 1, g: 1, b: 1, a: 1}
    bottomRight: {r: 1, g: 1, b: 1, a: 1}
  m_fontColorGradientPreset: {fileID: 0}
  m_spriteAsset: {fileID: 0}
  m_tintAllSprites: 0
  m_StyleSheet: {fileID: 0}
  m_TextStyleHashCode: -1183493901
  m_overrideHtmlColors: 0
  m_faceColor:
    serializedVersion: 2
    rgba: 4294967295
  m_fontSize: 24
  m_fontSizeBase: 24
  m_fontWeight: 400
  m_enableAutoSizing: 0
  m_fontSizeMin: 18
  m_fontSizeMax: 72
  m_fontStyle: 0
  m_HorizontalAlignment: 1
  m_VerticalAlignment: 512
  m_textAlignment: 65535
  m_characterSpacing: 0
  m_wordSpacing: 0
  m_lineSpacing: 0
  m_lineSpacingMax: 0
  m_paragraphSpacing: 0
  m_charWidthMaxAdj: 0
  m_enableWordWrapping: 1
  m_wordWrappingRatios: 0.4
  m_overflowMode: 0
  m_linkedTextComponent: {fileID: 0}
  parentLinkedComponent: {fileID: 0}
  m_enableKerning: 1
  m_enableExtraPadding: 0
  checkPaddingRequired: 0
  m_isRichText: 1
  m_parseCtrlCharacters: 1
  m_isOrthographic: 1
  m_isCullingEnabled: 0
  m_horizontalMapping: 0
  m_verticalMapping: 0
  m_uvLineOffset: 0
  m_geometrySortingOrder: 0
  m_IsTextObjectScaleStatic: 0
  m_VertexBufferAutoSizeReduction: 0
  m_useMaxVisibleDescender: 1
  m_pageToDisplay: 1
  m_margin: {x: 0, y: 0, z: 0, w: 0}
  m_isUsingLegacyAnimationComponent: 0
  m_isVolumetricText: 0
  m_hasFontAssetChanged: 0
  m_baseMaterial: {fileID: 0}
  m_maskOffset: {x: 0, y: 0, z: 0, w: 0}
--- !u!222 &1961010470458424435
CanvasRenderer:
  m_ObjectHideFlags: 0
  m_CorrespondingSourceObject: {fileID: 0}
  m_PrefabInstance: {fileID: 0}
  m_PrefabAsset: {fileID: 0}
  m_GameObject: {fileID: 1961010470458424432}
  m_CullTransparentMesh: 1
--- !u!1 &1961010470848720967
GameObject:
  m_ObjectHideFlags: 0
  m_CorrespondingSourceObject: {fileID: 0}
  m_PrefabInstance: {fileID: 0}
  m_PrefabAsset: {fileID: 0}
  serializedVersion: 6
  m_Component:
  - component: {fileID: 1961010470848720968}
  - component: {fileID: 1961010470848720970}
  - component: {fileID: 1961010470848720969}
  m_Layer: 5
  m_Name: GameObject
  m_TagString: Untagged
  m_Icon: {fileID: 0}
  m_NavMeshLayer: 0
  m_StaticEditorFlags: 0
  m_IsActive: 0
--- !u!224 &1961010470848720968
RectTransform:
  m_ObjectHideFlags: 0
  m_CorrespondingSourceObject: {fileID: 0}
  m_PrefabInstance: {fileID: 0}
  m_PrefabAsset: {fileID: 0}
  m_GameObject: {fileID: 1961010470848720967}
  m_LocalRotation: {x: -0, y: -0, z: -0, w: 1}
  m_LocalPosition: {x: 0, y: 0, z: 0}
  m_LocalScale: {x: 1, y: 1, z: 1}
  m_Children: []
  m_Father: {fileID: 1961010471298523110}
  m_RootOrder: 0
  m_LocalEulerAnglesHint: {x: 0, y: 0, z: 0}
  m_AnchorMin: {x: 0, y: 0.5}
  m_AnchorMax: {x: 0, y: 0.5}
  m_AnchoredPosition: {x: 8, y: 0}
  m_SizeDelta: {x: 100, y: 100}
  m_Pivot: {x: 0, y: 0.5}
--- !u!114 &1961010470848720969
MonoBehaviour:
  m_ObjectHideFlags: 0
  m_CorrespondingSourceObject: {fileID: 0}
  m_PrefabInstance: {fileID: 0}
  m_PrefabAsset: {fileID: 0}
  m_GameObject: {fileID: 1961010470848720967}
  m_Enabled: 1
  m_EditorHideFlags: 0
  m_Script: {fileID: 11500000, guid: fe87c0e1cc204ed48ad3b37840f39efc, type: 3}
  m_Name: 
  m_EditorClassIdentifier: 
  m_Material: {fileID: 0}
  m_Color: {r: 1, g: 1, b: 1, a: 1}
  m_RaycastTarget: 1
  m_RaycastPadding: {x: 0, y: 0, z: 0, w: 0}
  m_Maskable: 1
  m_OnCullStateChanged:
    m_PersistentCalls:
      m_Calls: []
  m_Sprite: {fileID: 21300000, guid: 27ec0cac9530261478429556ba93bb1d, type: 3}
  m_Type: 0
  m_PreserveAspect: 1
  m_FillCenter: 1
  m_FillMethod: 4
  m_FillAmount: 1
  m_FillClockwise: 1
  m_FillOrigin: 0
  m_UseSpriteMesh: 0
  m_PixelsPerUnitMultiplier: 1
--- !u!222 &1961010470848720970
CanvasRenderer:
  m_ObjectHideFlags: 0
  m_CorrespondingSourceObject: {fileID: 0}
  m_PrefabInstance: {fileID: 0}
  m_PrefabAsset: {fileID: 0}
  m_GameObject: {fileID: 1961010470848720967}
  m_CullTransparentMesh: 1
--- !u!1 &1961010471298523109
GameObject:
  m_ObjectHideFlags: 0
  m_CorrespondingSourceObject: {fileID: 0}
  m_PrefabInstance: {fileID: 0}
  m_PrefabAsset: {fileID: 0}
  serializedVersion: 6
  m_Component:
  - component: {fileID: 1961010471298523110}
  - component: {fileID: 1961010471298523113}
  - component: {fileID: 1961010471298523112}
  - component: {fileID: 1961010471298523111}
  m_Layer: 5
  m_Name: POI
  m_TagString: Untagged
  m_Icon: {fileID: 0}
  m_NavMeshLayer: 0
  m_StaticEditorFlags: 0
  m_IsActive: 1
--- !u!224 &1961010471298523110
RectTransform:
  m_ObjectHideFlags: 0
  m_CorrespondingSourceObject: {fileID: 0}
  m_PrefabInstance: {fileID: 0}
  m_PrefabAsset: {fileID: 0}
  m_GameObject: {fileID: 1961010471298523109}
  m_LocalRotation: {x: -0, y: -0, z: -0, w: 1}
  m_LocalPosition: {x: 0, y: 0, z: -0.125}
  m_LocalScale: {x: 0.011316875, y: 0.011316875, z: 0.011316875}
  m_Children:
  - {fileID: 1961010470848720968}
  - {fileID: 1961010471774145276}
  - {fileID: 1961010470458424433}
  - {fileID: 1961010471585625613}
  m_Father: {fileID: 3355954527829633359}
  m_RootOrder: 1
  m_LocalEulerAnglesHint: {x: 0, y: 0, z: 0}
  m_AnchorMin: {x: 0.5, y: 0.5}
  m_AnchorMax: {x: 0.5, y: 0.5}
  m_AnchoredPosition: {x: 0, y: 1.62}
  m_SizeDelta: {x: 525, y: 115}
  m_Pivot: {x: 0.5, y: 0.5}
--- !u!222 &1961010471298523111
CanvasRenderer:
  m_ObjectHideFlags: 0
  m_CorrespondingSourceObject: {fileID: 0}
  m_PrefabInstance: {fileID: 0}
  m_PrefabAsset: {fileID: 0}
  m_GameObject: {fileID: 1961010471298523109}
  m_CullTransparentMesh: 1
--- !u!114 &1961010471298523112
MonoBehaviour:
  m_ObjectHideFlags: 0
  m_CorrespondingSourceObject: {fileID: 0}
  m_PrefabInstance: {fileID: 0}
  m_PrefabAsset: {fileID: 0}
  m_GameObject: {fileID: 1961010471298523109}
  m_Enabled: 0
  m_EditorHideFlags: 0
  m_Script: {fileID: 11500000, guid: 4e29b1a8efbd4b44bb3f3716e73f07ff, type: 3}
  m_Name: 
  m_EditorClassIdentifier: 
  m_Navigation:
    m_Mode: 3
    m_WrapAround: 0
    m_SelectOnUp: {fileID: 0}
    m_SelectOnDown: {fileID: 0}
    m_SelectOnLeft: {fileID: 0}
    m_SelectOnRight: {fileID: 0}
  m_Transition: 1
  m_Colors:
    m_NormalColor: {r: 1, g: 1, b: 1, a: 1}
    m_HighlightedColor: {r: 0.9607843, g: 0.9607843, b: 0.9607843, a: 1}
    m_PressedColor: {r: 0.78431374, g: 0.78431374, b: 0.78431374, a: 1}
    m_SelectedColor: {r: 0.9607843, g: 0.9607843, b: 0.9607843, a: 1}
    m_DisabledColor: {r: 0.78431374, g: 0.78431374, b: 0.78431374, a: 0.5019608}
    m_ColorMultiplier: 1
    m_FadeDuration: 0.1
  m_SpriteState:
    m_HighlightedSprite: {fileID: 0}
    m_PressedSprite: {fileID: 0}
    m_SelectedSprite: {fileID: 0}
    m_DisabledSprite: {fileID: 0}
  m_AnimationTriggers:
    m_NormalTrigger: Normal
    m_HighlightedTrigger: Highlighted
    m_PressedTrigger: Pressed
    m_SelectedTrigger: Selected
    m_DisabledTrigger: Disabled
  m_Interactable: 1
  m_TargetGraphic: {fileID: 1961010471298523113}
  m_OnClick:
    m_PersistentCalls:
      m_Calls:
      - m_Target: {fileID: 0}
        m_TargetAssemblyTypeName: UnityEngine.GameObject, UnityEngine
        m_MethodName: SetActive
        m_Mode: 6
        m_Arguments:
          m_ObjectArgument: {fileID: 0}
          m_ObjectArgumentAssemblyTypeName: UnityEngine.Object, UnityEngine
          m_IntArgument: 0
          m_FloatArgument: 0
          m_StringArgument: 
          m_BoolArgument: 1
        m_CallState: 2
      - m_Target: {fileID: 1961010471298523109}
        m_TargetAssemblyTypeName: UnityEngine.GameObject, UnityEngine
        m_MethodName: SetActive
        m_Mode: 6
        m_Arguments:
          m_ObjectArgument: {fileID: 0}
          m_ObjectArgumentAssemblyTypeName: UnityEngine.Object, UnityEngine
          m_IntArgument: 0
          m_FloatArgument: 0
          m_StringArgument: 
          m_BoolArgument: 0
        m_CallState: 2
--- !u!114 &1961010471298523113
MonoBehaviour:
  m_ObjectHideFlags: 0
  m_CorrespondingSourceObject: {fileID: 0}
  m_PrefabInstance: {fileID: 0}
  m_PrefabAsset: {fileID: 0}
  m_GameObject: {fileID: 1961010471298523109}
  m_Enabled: 1
  m_EditorHideFlags: 0
  m_Script: {fileID: 11500000, guid: fe87c0e1cc204ed48ad3b37840f39efc, type: 3}
  m_Name: 
  m_EditorClassIdentifier: 
  m_Material: {fileID: 0}
  m_Color: {r: 1, g: 1, b: 1, a: 1}
  m_RaycastTarget: 1
  m_RaycastPadding: {x: 0, y: 0, z: 0, w: 0}
  m_Maskable: 1
  m_OnCullStateChanged:
    m_PersistentCalls:
      m_Calls: []
  m_Sprite: {fileID: 21300000, guid: c12c9fcbadda9ac4984b5f840b79825b, type: 3}
  m_Type: 0
  m_PreserveAspect: 1
  m_FillCenter: 1
  m_FillMethod: 4
  m_FillAmount: 1
  m_FillClockwise: 1
  m_FillOrigin: 0
  m_UseSpriteMesh: 0
  m_PixelsPerUnitMultiplier: 1
--- !u!223 &1961010471505547937 stripped
Canvas:
  m_CorrespondingSourceObject: {fileID: 1284809820292674305, guid: bae2415668903eb4c8f9fa800e22de92, type: 3}
  m_PrefabInstance: {fileID: 4888141201352462704}
  m_PrefabAsset: {fileID: 0}
--- !u!1 &1961010471585625612
GameObject:
  m_ObjectHideFlags: 0
  m_CorrespondingSourceObject: {fileID: 0}
  m_PrefabInstance: {fileID: 0}
  m_PrefabAsset: {fileID: 0}
  serializedVersion: 6
  m_Component:
  - component: {fileID: 1961010471585625613}
  - component: {fileID: 1961010471585625615}
  - component: {fileID: 1961010471585625614}
  m_Layer: 5
  m_Name: Arrow
  m_TagString: Untagged
  m_Icon: {fileID: 0}
  m_NavMeshLayer: 0
  m_StaticEditorFlags: 0
  m_IsActive: 0
--- !u!224 &1961010471585625613
RectTransform:
  m_ObjectHideFlags: 0
  m_CorrespondingSourceObject: {fileID: 0}
  m_PrefabInstance: {fileID: 0}
  m_PrefabAsset: {fileID: 0}
  m_GameObject: {fileID: 1961010471585625612}
  m_LocalRotation: {x: -0, y: -0, z: -0, w: 1}
  m_LocalPosition: {x: 0, y: 0, z: 0}
  m_LocalScale: {x: 1, y: 1, z: 1}
  m_Children: []
  m_Father: {fileID: 1961010471298523110}
  m_RootOrder: 3
  m_LocalEulerAnglesHint: {x: 0, y: 0, z: 0}
  m_AnchorMin: {x: 1, y: 0.5}
  m_AnchorMax: {x: 1, y: 0.5}
  m_AnchoredPosition: {x: 0, y: 0}
  m_SizeDelta: {x: 100, y: 100}
  m_Pivot: {x: 1, y: 0.5}
--- !u!114 &1961010471585625614
MonoBehaviour:
  m_ObjectHideFlags: 0
  m_CorrespondingSourceObject: {fileID: 0}
  m_PrefabInstance: {fileID: 0}
  m_PrefabAsset: {fileID: 0}
  m_GameObject: {fileID: 1961010471585625612}
  m_Enabled: 1
  m_EditorHideFlags: 0
  m_Script: {fileID: 11500000, guid: fe87c0e1cc204ed48ad3b37840f39efc, type: 3}
  m_Name: 
  m_EditorClassIdentifier: 
  m_Material: {fileID: 0}
  m_Color: {r: 1, g: 1, b: 1, a: 1}
  m_RaycastTarget: 1
  m_RaycastPadding: {x: 0, y: 0, z: 0, w: 0}
  m_Maskable: 1
  m_OnCullStateChanged:
    m_PersistentCalls:
      m_Calls: []
  m_Sprite: {fileID: 21300000, guid: d21bbbc33e7afa24a98d2b68c4859067, type: 3}
  m_Type: 0
  m_PreserveAspect: 1
  m_FillCenter: 1
  m_FillMethod: 4
  m_FillAmount: 1
  m_FillClockwise: 1
  m_FillOrigin: 0
  m_UseSpriteMesh: 0
  m_PixelsPerUnitMultiplier: 1
--- !u!222 &1961010471585625615
CanvasRenderer:
  m_ObjectHideFlags: 0
  m_CorrespondingSourceObject: {fileID: 0}
  m_PrefabInstance: {fileID: 0}
  m_PrefabAsset: {fileID: 0}
  m_GameObject: {fileID: 1961010471585625612}
  m_CullTransparentMesh: 1
--- !u!1 &1961010471774145275
GameObject:
  m_ObjectHideFlags: 0
  m_CorrespondingSourceObject: {fileID: 0}
  m_PrefabInstance: {fileID: 0}
  m_PrefabAsset: {fileID: 0}
  serializedVersion: 6
  m_Component:
  - component: {fileID: 1961010471774145276}
  - component: {fileID: 1961010471774145278}
  - component: {fileID: 1961010471774145277}
  m_Layer: 5
  m_Name: MainText
  m_TagString: Untagged
  m_Icon: {fileID: 0}
  m_NavMeshLayer: 0
  m_StaticEditorFlags: 0
  m_IsActive: 1
--- !u!224 &1961010471774145276
RectTransform:
  m_ObjectHideFlags: 0
  m_CorrespondingSourceObject: {fileID: 0}
  m_PrefabInstance: {fileID: 0}
  m_PrefabAsset: {fileID: 0}
  m_GameObject: {fileID: 1961010471774145275}
  m_LocalRotation: {x: -0, y: -0, z: -0, w: 1}
  m_LocalPosition: {x: 0, y: 0, z: 0}
  m_LocalScale: {x: 1, y: 1, z: 1}
  m_Children: []
  m_Father: {fileID: 1961010471298523110}
  m_RootOrder: 1
  m_LocalEulerAnglesHint: {x: 0, y: 0, z: 0}
  m_AnchorMin: {x: 0, y: 0}
  m_AnchorMax: {x: 1, y: 1}
  m_AnchoredPosition: {x: 0, y: 0}
  m_SizeDelta: {x: 0, y: 0}
  m_Pivot: {x: 0.5, y: 0.5}
--- !u!114 &1961010471774145277
MonoBehaviour:
  m_ObjectHideFlags: 0
  m_CorrespondingSourceObject: {fileID: 0}
  m_PrefabInstance: {fileID: 0}
  m_PrefabAsset: {fileID: 0}
  m_GameObject: {fileID: 1961010471774145275}
  m_Enabled: 1
  m_EditorHideFlags: 0
  m_Script: {fileID: 11500000, guid: f4688fdb7df04437aeb418b961361dc5, type: 3}
  m_Name: 
  m_EditorClassIdentifier: 
  m_Material: {fileID: 0}
  m_Color: {r: 1, g: 1, b: 1, a: 1}
  m_RaycastTarget: 1
  m_RaycastPadding: {x: 0, y: 0, z: 0, w: 0}
  m_Maskable: 1
  m_OnCullStateChanged:
    m_PersistentCalls:
      m_Calls: []
  m_text: 'Nama Tempat/ Part

    Nama Tempat/ Part'
  m_isRightToLeft: 0
  m_fontAsset: {fileID: 11400000, guid: 8f586378b4e144a9851e7b34d9b748ee, type: 2}
  m_sharedMaterial: {fileID: 2180264, guid: 8f586378b4e144a9851e7b34d9b748ee, type: 2}
  m_fontSharedMaterials: []
  m_fontMaterial: {fileID: 0}
  m_fontMaterials: []
  m_fontColor32:
    serializedVersion: 2
    rgba: 4278190080
  m_fontColor: {r: 0, g: 0, b: 0, a: 1}
  m_enableVertexGradient: 0
  m_colorMode: 3
  m_fontColorGradient:
    topLeft: {r: 1, g: 1, b: 1, a: 1}
    topRight: {r: 1, g: 1, b: 1, a: 1}
    bottomLeft: {r: 1, g: 1, b: 1, a: 1}
    bottomRight: {r: 1, g: 1, b: 1, a: 1}
  m_fontColorGradientPreset: {fileID: 0}
  m_spriteAsset: {fileID: 0}
  m_tintAllSprites: 0
  m_StyleSheet: {fileID: 0}
  m_TextStyleHashCode: -1183493901
  m_overrideHtmlColors: 0
  m_faceColor:
    serializedVersion: 2
    rgba: 4294967295
  m_fontSize: 32
  m_fontSizeBase: 32
  m_fontWeight: 400
  m_enableAutoSizing: 0
  m_fontSizeMin: 18
  m_fontSizeMax: 72
  m_fontStyle: 0
  m_HorizontalAlignment: 2
  m_VerticalAlignment: 512
  m_textAlignment: 65535
  m_characterSpacing: 0
  m_wordSpacing: 0
  m_lineSpacing: 0
  m_lineSpacingMax: 0
  m_paragraphSpacing: 0
  m_charWidthMaxAdj: 0
  m_enableWordWrapping: 1
  m_wordWrappingRatios: 0.4
  m_overflowMode: 0
  m_linkedTextComponent: {fileID: 0}
  parentLinkedComponent: {fileID: 0}
  m_enableKerning: 1
  m_enableExtraPadding: 0
  checkPaddingRequired: 0
  m_isRichText: 1
  m_parseCtrlCharacters: 1
  m_isOrthographic: 1
  m_isCullingEnabled: 0
  m_horizontalMapping: 0
  m_verticalMapping: 0
  m_uvLineOffset: 0
  m_geometrySortingOrder: 0
  m_IsTextObjectScaleStatic: 0
  m_VertexBufferAutoSizeReduction: 0
  m_useMaxVisibleDescender: 1
  m_pageToDisplay: 1
  m_margin: {x: 0, y: 0, z: 0, w: 0}
  m_isUsingLegacyAnimationComponent: 0
  m_isVolumetricText: 0
  m_hasFontAssetChanged: 0
  m_baseMaterial: {fileID: 0}
  m_maskOffset: {x: 0, y: 0, z: 0, w: 0}
--- !u!222 &1961010471774145278
CanvasRenderer:
  m_ObjectHideFlags: 0
  m_CorrespondingSourceObject: {fileID: 0}
  m_PrefabInstance: {fileID: 0}
  m_PrefabAsset: {fileID: 0}
  m_GameObject: {fileID: 1961010471774145275}
  m_CullTransparentMesh: 1
--- !u!114 &1961010471911358634
MonoBehaviour:
  m_ObjectHideFlags: 0
  m_CorrespondingSourceObject: {fileID: 0}
  m_PrefabInstance: {fileID: 0}
  m_PrefabAsset: {fileID: 0}
  m_GameObject: {fileID: 596550833356332848}
  m_Enabled: 1
  m_EditorHideFlags: 0
  m_Script: {fileID: 11500000, guid: c22f5f51b650b234f826df650c8a322c, type: 3}
  m_Name: 
  m_EditorClassIdentifier: 
  cameraTransform: {fileID: 1260347816812687802}
  indicatorTransform: {fileID: 3355954527829633359}
--- !u!222 &2942719356084216309
CanvasRenderer:
  m_ObjectHideFlags: 0
  m_CorrespondingSourceObject: {fileID: 0}
  m_PrefabInstance: {fileID: 0}
  m_PrefabAsset: {fileID: 0}
  m_GameObject: {fileID: 6510843207824169160}
  m_CullTransparentMesh: 1
--- !u!223 &3219196269184091686
Canvas:
  m_ObjectHideFlags: 0
  m_CorrespondingSourceObject: {fileID: 0}
  m_PrefabInstance: {fileID: 0}
  m_PrefabAsset: {fileID: 0}
  m_GameObject: {fileID: 3282152845531542477}
  m_Enabled: 1
  serializedVersion: 3
  m_RenderMode: 2
  m_Camera: {fileID: 0}
  m_PlaneDistance: 100
  m_PixelPerfect: 0
  m_ReceivesEvents: 1
  m_OverrideSorting: 0
  m_OverridePixelPerfect: 0
  m_SortingBucketNormalizedSize: 0
  m_AdditionalShaderChannelsFlag: 25
  m_SortingLayerID: 0
  m_SortingOrder: 1
  m_TargetDisplay: 0
--- !u!1 &3282152845531542477
GameObject:
  m_ObjectHideFlags: 0
  m_CorrespondingSourceObject: {fileID: 0}
  m_PrefabInstance: {fileID: 0}
  m_PrefabAsset: {fileID: 0}
  serializedVersion: 6
  m_Component:
  - component: {fileID: 4079727830010484252}
  - component: {fileID: 3219196269184091686}
  - component: {fileID: 6015156531636942509}
  - component: {fileID: 5079579002518448377}
  m_Layer: 5
  m_Name: Canvas
  m_TagString: Untagged
  m_Icon: {fileID: 0}
  m_NavMeshLayer: 0
  m_StaticEditorFlags: 0
  m_IsActive: 1
--- !u!224 &3355954527829633359
RectTransform:
  m_ObjectHideFlags: 0
  m_CorrespondingSourceObject: {fileID: 0}
  m_PrefabInstance: {fileID: 0}
  m_PrefabAsset: {fileID: 0}
  m_GameObject: {fileID: 596550833356332848}
  m_LocalRotation: {x: 0, y: 0, z: 0, w: 1}
  m_LocalPosition: {x: 0, y: 0, z: 0}
  m_LocalScale: {x: 1, y: 1, z: 1}
  m_Children:
  - {fileID: 505983037671217163}
  - {fileID: 1961010471298523110}
  m_Father: {fileID: 4079727830010484252}
  m_RootOrder: 0
  m_LocalEulerAnglesHint: {x: 0, y: 0, z: 0}
  m_AnchorMin: {x: 0, y: 0}
  m_AnchorMax: {x: 1, y: 1}
  m_AnchoredPosition: {x: 0, y: 0}
  m_SizeDelta: {x: 0, y: 0}
  m_Pivot: {x: 0.5, y: 0.5}
--- !u!224 &4079727830010484252
RectTransform:
  m_ObjectHideFlags: 0
  m_CorrespondingSourceObject: {fileID: 0}
  m_PrefabInstance: {fileID: 0}
  m_PrefabAsset: {fileID: 0}
  m_GameObject: {fileID: 3282152845531542477}
  m_LocalRotation: {x: 0, y: 0, z: 0, w: 1}
  m_LocalPosition: {x: 0, y: 0, z: 0}
  m_LocalScale: {x: 16, y: 16, z: 16}
  m_Children:
  - {fileID: 3355954527829633359}
  m_Father: {fileID: 5026473622654969379}
  m_RootOrder: 0
  m_LocalEulerAnglesHint: {x: 0, y: 0, z: 0}
  m_AnchorMin: {x: 0, y: 0}
  m_AnchorMax: {x: 0, y: 0}
  m_AnchoredPosition: {x: 0, y: 0}
  m_SizeDelta: {x: 1, y: 1}
  m_Pivot: {x: 0.5, y: 0.5}
--- !u!65 &4178366216805186908
BoxCollider:
  m_ObjectHideFlags: 0
  m_CorrespondingSourceObject: {fileID: 0}
  m_PrefabInstance: {fileID: 0}
  m_PrefabAsset: {fileID: 0}
  m_GameObject: {fileID: 7474352206369949505}
  m_Material: {fileID: 0}
  m_IsTrigger: 0
  m_Enabled: 1
  serializedVersion: 2
  m_Size: {x: 1, y: 1, z: 1}
  m_Center: {x: 0, y: 0, z: 0}
--- !u!1001 &4888141201352462704
PrefabInstance:
  m_ObjectHideFlags: 0
  serializedVersion: 2
  m_Modification:
    m_TransformParent: {fileID: 2120501298}
    m_Modifications:
    - target: {fileID: 714556977, guid: bae2415668903eb4c8f9fa800e22de92, type: 3}
      propertyPath: m_Sources.Array.data[0].sourceTransform
      value: 
      objectReference: {fileID: 1260347816812687802}
    - target: {fileID: 1566317857, guid: bae2415668903eb4c8f9fa800e22de92, type: 3}
      propertyPath: m_Enabled
      value: 0
      objectReference: {fileID: 0}
    - target: {fileID: 1601320923, guid: bae2415668903eb4c8f9fa800e22de92, type: 3}
      propertyPath: m_Sources.Array.data[0].sourceTransform
      value: 
      objectReference: {fileID: 1260347816812687803}
    - target: {fileID: 8204285329719437762, guid: bae2415668903eb4c8f9fa800e22de92, type: 3}
      propertyPath: objectToDisable.Array.data[0]
      value: 
      objectReference: {fileID: 5712769371147374657}
    - target: {fileID: 8204285330119165401, guid: bae2415668903eb4c8f9fa800e22de92, type: 3}
      propertyPath: indicatorText
      value: 
      objectReference: {fileID: 1961010471774145277}
    - target: {fileID: 8204285330119165401, guid: bae2415668903eb4c8f9fa800e22de92, type: 3}
      propertyPath: debugRaycastHit
      value: 
      objectReference: {fileID: 1012833265665211609}
    - target: {fileID: 8204285330119165401, guid: bae2415668903eb4c8f9fa800e22de92, type: 3}
      propertyPath: interactionType
      value: 1
      objectReference: {fileID: 0}
    - target: {fileID: 8204285330119165401, guid: bae2415668903eb4c8f9fa800e22de92, type: 3}
      propertyPath: leftHandGrabber
      value: 
      objectReference: {fileID: 1260347816812687805}
    - target: {fileID: 8204285330119165401, guid: bae2415668903eb4c8f9fa800e22de92, type: 3}
      propertyPath: rightHandGrabber
      value: 
      objectReference: {fileID: 1260347816812687804}
    - target: {fileID: 8204285331490146944, guid: bae2415668903eb4c8f9fa800e22de92, type: 3}
      propertyPath: m_RootOrder
      value: 1
      objectReference: {fileID: 0}
    - target: {fileID: 8204285331490146944, guid: bae2415668903eb4c8f9fa800e22de92, type: 3}
      propertyPath: m_LocalPosition.x
      value: 0
      objectReference: {fileID: 0}
    - target: {fileID: 8204285331490146944, guid: bae2415668903eb4c8f9fa800e22de92, type: 3}
      propertyPath: m_LocalPosition.y
      value: 0
      objectReference: {fileID: 0}
    - target: {fileID: 8204285331490146944, guid: bae2415668903eb4c8f9fa800e22de92, type: 3}
      propertyPath: m_LocalPosition.z
      value: 0
      objectReference: {fileID: 0}
    - target: {fileID: 8204285331490146944, guid: bae2415668903eb4c8f9fa800e22de92, type: 3}
      propertyPath: m_LocalRotation.w
      value: 1
      objectReference: {fileID: 0}
    - target: {fileID: 8204285331490146944, guid: bae2415668903eb4c8f9fa800e22de92, type: 3}
      propertyPath: m_LocalRotation.x
      value: 0
      objectReference: {fileID: 0}
    - target: {fileID: 8204285331490146944, guid: bae2415668903eb4c8f9fa800e22de92, type: 3}
      propertyPath: m_LocalRotation.y
      value: 0
      objectReference: {fileID: 0}
    - target: {fileID: 8204285331490146944, guid: bae2415668903eb4c8f9fa800e22de92, type: 3}
      propertyPath: m_LocalRotation.z
      value: 0
      objectReference: {fileID: 0}
    - target: {fileID: 8204285331490146944, guid: bae2415668903eb4c8f9fa800e22de92, type: 3}
      propertyPath: m_LocalEulerAnglesHint.x
      value: 0
      objectReference: {fileID: 0}
    - target: {fileID: 8204285331490146944, guid: bae2415668903eb4c8f9fa800e22de92, type: 3}
      propertyPath: m_LocalEulerAnglesHint.y
      value: 0
      objectReference: {fileID: 0}
    - target: {fileID: 8204285331490146944, guid: bae2415668903eb4c8f9fa800e22de92, type: 3}
      propertyPath: m_LocalEulerAnglesHint.z
      value: 0
      objectReference: {fileID: 0}
    - target: {fileID: 8204285331490146947, guid: bae2415668903eb4c8f9fa800e22de92, type: 3}
      propertyPath: m_Name
      value: 360V2
      objectReference: {fileID: 0}
    m_RemovedComponents: []
  m_SourcePrefab: {fileID: 100100000, guid: bae2415668903eb4c8f9fa800e22de92, type: 3}
--- !u!4 &4888141201352462705 stripped
Transform:
  m_CorrespondingSourceObject: {fileID: 8204285331490146944, guid: bae2415668903eb4c8f9fa800e22de92, type: 3}
  m_PrefabInstance: {fileID: 4888141201352462704}
  m_PrefabAsset: {fileID: 0}
--- !u!4 &5026473622654969379
Transform:
  m_ObjectHideFlags: 0
  m_CorrespondingSourceObject: {fileID: 0}
  m_PrefabInstance: {fileID: 0}
  m_PrefabAsset: {fileID: 0}
  m_GameObject: {fileID: 7474352206369949505}
  m_LocalRotation: {x: 0, y: 0, z: 0, w: 1}
  m_LocalPosition: {x: 0, y: 0, z: 0.5}
  m_LocalScale: {x: 0.25, y: 0.25, z: 0.25}
  m_Children:
  - {fileID: 4079727830010484252}
  m_Father: {fileID: 1012833265665211609}
  m_RootOrder: 0
  m_LocalEulerAnglesHint: {x: 0, y: 0, z: 0}
--- !u!114 &5079579002518448377
MonoBehaviour:
  m_ObjectHideFlags: 0
  m_CorrespondingSourceObject: {fileID: 0}
  m_PrefabInstance: {fileID: 0}
  m_PrefabAsset: {fileID: 0}
  m_GameObject: {fileID: 3282152845531542477}
  m_Enabled: 0
  m_EditorHideFlags: 0
  m_Script: {fileID: 11500000, guid: dc42784cf147c0c48a680349fa168899, type: 3}
  m_Name: 
  m_EditorClassIdentifier: 
  m_IgnoreReversedGraphics: 1
  m_BlockingObjects: 0
  m_BlockingMask:
    serializedVersion: 2
    m_Bits: 3671863
--- !u!23 &5209924977375260251
MeshRenderer:
  m_ObjectHideFlags: 0
  m_CorrespondingSourceObject: {fileID: 0}
  m_PrefabInstance: {fileID: 0}
  m_PrefabAsset: {fileID: 0}
  m_GameObject: {fileID: 8054659742698301952}
  m_Enabled: 0
  m_CastShadows: 1
  m_ReceiveShadows: 1
  m_DynamicOccludee: 1
  m_MotionVectors: 1
  m_LightProbeUsage: 1
  m_ReflectionProbeUsage: 1
  m_RayTracingMode: 2
  m_RayTraceProcedural: 0
  m_RenderingLayerMask: 1
  m_RendererPriority: 0
  m_Materials:
  - {fileID: 2100000, guid: 31321ba15b8f8eb4c954353edc038b1d, type: 2}
  m_StaticBatchInfo:
    firstSubMesh: 0
    subMeshCount: 0
  m_StaticBatchRoot: {fileID: 0}
  m_ProbeAnchor: {fileID: 0}
  m_LightProbeVolumeOverride: {fileID: 0}
  m_ScaleInLightmap: 1
  m_ReceiveGI: 1
  m_PreserveUVs: 0
  m_IgnoreNormalsForChartDetection: 0
  m_ImportantGI: 0
  m_StitchLightmapSeams: 1
  m_SelectedEditorRenderState: 3
  m_MinimumChartSize: 4
  m_AutoUVMaxDistance: 0.5
  m_AutoUVMaxAngle: 89
  m_LightmapParameters: {fileID: 0}
  m_SortingLayerID: 0
  m_SortingLayer: 0
  m_SortingOrder: 0
  m_AdditionalVertexStreams: {fileID: 0}
--- !u!1001 &5712769371147374656
PrefabInstance:
  m_ObjectHideFlags: 0
  serializedVersion: 2
  m_Modification:
    m_TransformParent: {fileID: 1510151934}
    m_Modifications:
    - target: {fileID: 353468406301518709, guid: 5f6b9ae252edabf468f9a04446580713, type: 3}
      propertyPath: m_IsActive
      value: 0
      objectReference: {fileID: 0}
    - target: {fileID: 377358060072050153, guid: 5f6b9ae252edabf468f9a04446580713, type: 3}
      propertyPath: m_IsActive
      value: 0
      objectReference: {fileID: 0}
    - target: {fileID: 1099698559057864897, guid: 5f6b9ae252edabf468f9a04446580713, type: 3}
      propertyPath: m_IsActive
      value: 0
      objectReference: {fileID: 0}
    - target: {fileID: 1809141215478414371, guid: 5f6b9ae252edabf468f9a04446580713, type: 3}
      propertyPath: m_AnchorMax.y
      value: 1
      objectReference: {fileID: 0}
    - target: {fileID: 1809141215478414371, guid: 5f6b9ae252edabf468f9a04446580713, type: 3}
      propertyPath: m_AnchorMin.y
      value: 1
      objectReference: {fileID: 0}
    - target: {fileID: 1809141215478414371, guid: 5f6b9ae252edabf468f9a04446580713, type: 3}
      propertyPath: m_SizeDelta.y
      value: 266.57
      objectReference: {fileID: 0}
    - target: {fileID: 1809141215478414371, guid: 5f6b9ae252edabf468f9a04446580713, type: 3}
      propertyPath: m_AnchoredPosition.x
      value: 540
      objectReference: {fileID: 0}
    - target: {fileID: 1809141215957967289, guid: 5f6b9ae252edabf468f9a04446580713, type: 3}
      propertyPath: m_AnchorMax.y
      value: 1
      objectReference: {fileID: 0}
    - target: {fileID: 1809141215957967289, guid: 5f6b9ae252edabf468f9a04446580713, type: 3}
      propertyPath: m_AnchorMin.y
      value: 1
      objectReference: {fileID: 0}
    - target: {fileID: 1809141215957967289, guid: 5f6b9ae252edabf468f9a04446580713, type: 3}
      propertyPath: m_SizeDelta.y
      value: 236.57
      objectReference: {fileID: 0}
    - target: {fileID: 1809141215957967289, guid: 5f6b9ae252edabf468f9a04446580713, type: 3}
      propertyPath: m_AnchoredPosition.x
      value: 540.24915
      objectReference: {fileID: 0}
    - target: {fileID: 1809141215957967289, guid: 5f6b9ae252edabf468f9a04446580713, type: 3}
      propertyPath: m_AnchoredPosition.y
      value: -128.285
      objectReference: {fileID: 0}
    - target: {fileID: 1809141216218724948, guid: 5f6b9ae252edabf468f9a04446580713, type: 3}
      propertyPath: m_AnchorMax.y
      value: 1
      objectReference: {fileID: 0}
    - target: {fileID: 1809141216218724948, guid: 5f6b9ae252edabf468f9a04446580713, type: 3}
      propertyPath: m_AnchorMin.y
      value: 1
      objectReference: {fileID: 0}
    - target: {fileID: 1809141216218724948, guid: 5f6b9ae252edabf468f9a04446580713, type: 3}
      propertyPath: m_SizeDelta.y
      value: 266.57
      objectReference: {fileID: 0}
    - target: {fileID: 1809141216218724948, guid: 5f6b9ae252edabf468f9a04446580713, type: 3}
      propertyPath: m_AnchoredPosition.x
      value: 545.845
      objectReference: {fileID: 0}
    - target: {fileID: 2261893926122856173, guid: 5f6b9ae252edabf468f9a04446580713, type: 3}
      propertyPath: m_AnchorMax.y
      value: 1
      objectReference: {fileID: 0}
    - target: {fileID: 2261893926122856173, guid: 5f6b9ae252edabf468f9a04446580713, type: 3}
      propertyPath: m_AnchorMin.y
      value: 1
      objectReference: {fileID: 0}
    - target: {fileID: 2261893926122856173, guid: 5f6b9ae252edabf468f9a04446580713, type: 3}
      propertyPath: m_SizeDelta.y
      value: 120
      objectReference: {fileID: 0}
    - target: {fileID: 2261893926122856173, guid: 5f6b9ae252edabf468f9a04446580713, type: 3}
      propertyPath: m_AnchoredPosition.x
      value: 540
      objectReference: {fileID: 0}
    - target: {fileID: 2261893926245239930, guid: 5f6b9ae252edabf468f9a04446580713, type: 3}
      propertyPath: m_AnchorMax.y
      value: 1
      objectReference: {fileID: 0}
    - target: {fileID: 2261893926245239930, guid: 5f6b9ae252edabf468f9a04446580713, type: 3}
      propertyPath: m_AnchorMin.y
      value: 1
      objectReference: {fileID: 0}
    - target: {fileID: 2261893926245239930, guid: 5f6b9ae252edabf468f9a04446580713, type: 3}
      propertyPath: m_SizeDelta.y
      value: 282.28998
      objectReference: {fileID: 0}
    - target: {fileID: 2261893926245239930, guid: 5f6b9ae252edabf468f9a04446580713, type: 3}
      propertyPath: m_AnchoredPosition.x
      value: 540
      objectReference: {fileID: 0}
    - target: {fileID: 2261893926245239930, guid: 5f6b9ae252edabf468f9a04446580713, type: 3}
      propertyPath: m_AnchoredPosition.y
      value: -542.86
      objectReference: {fileID: 0}
    - target: {fileID: 2261893926444190221, guid: 5f6b9ae252edabf468f9a04446580713, type: 3}
      propertyPath: m_AnchorMax.y
      value: 1
      objectReference: {fileID: 0}
    - target: {fileID: 2261893926444190221, guid: 5f6b9ae252edabf468f9a04446580713, type: 3}
      propertyPath: m_AnchorMin.y
      value: 1
      objectReference: {fileID: 0}
    - target: {fileID: 2261893926444190221, guid: 5f6b9ae252edabf468f9a04446580713, type: 3}
      propertyPath: m_SizeDelta.y
      value: 162.29
      objectReference: {fileID: 0}
    - target: {fileID: 2261893926444190221, guid: 5f6b9ae252edabf468f9a04446580713, type: 3}
      propertyPath: m_AnchoredPosition.x
      value: 545.845
      objectReference: {fileID: 0}
    - target: {fileID: 2261893926444190221, guid: 5f6b9ae252edabf468f9a04446580713, type: 3}
      propertyPath: m_AnchoredPosition.y
      value: -120
      objectReference: {fileID: 0}
    - target: {fileID: 2261893926721720800, guid: 5f6b9ae252edabf468f9a04446580713, type: 3}
      propertyPath: m_AnchorMax.y
      value: 1
      objectReference: {fileID: 0}
    - target: {fileID: 2261893926721720800, guid: 5f6b9ae252edabf468f9a04446580713, type: 3}
      propertyPath: m_AnchorMin.y
      value: 1
      objectReference: {fileID: 0}
    - target: {fileID: 2261893926721720800, guid: 5f6b9ae252edabf468f9a04446580713, type: 3}
      propertyPath: m_SizeDelta.y
      value: 128.29
      objectReference: {fileID: 0}
    - target: {fileID: 2261893926721720800, guid: 5f6b9ae252edabf468f9a04446580713, type: 3}
      propertyPath: m_AnchoredPosition.x
      value: 554.6934
      objectReference: {fileID: 0}
    - target: {fileID: 2261893926721720800, guid: 5f6b9ae252edabf468f9a04446580713, type: 3}
      propertyPath: m_AnchoredPosition.y
      value: -81.145
      objectReference: {fileID: 0}
    - target: {fileID: 2510950576640857949, guid: 5f6b9ae252edabf468f9a04446580713, type: 3}
      propertyPath: parentObj
      value: 
      objectReference: {fileID: 5712769371147374666}
    - target: {fileID: 2510950576640857949, guid: 5f6b9ae252edabf468f9a04446580713, type: 3}
      propertyPath: canvases.Array.size
      value: 1
      objectReference: {fileID: 0}
    - target: {fileID: 2510950576640857949, guid: 5f6b9ae252edabf468f9a04446580713, type: 3}
      propertyPath: canvases.Array.data[0]
      value: 
      objectReference: {fileID: 5712769371147374658}
    - target: {fileID: 3252862117495172843, guid: 5f6b9ae252edabf468f9a04446580713, type: 3}
      propertyPath: m_AnchorMax.y
      value: 0
      objectReference: {fileID: 0}
    - target: {fileID: 3252862117495172843, guid: 5f6b9ae252edabf468f9a04446580713, type: 3}
      propertyPath: m_AnchorMin.y
      value: 0
      objectReference: {fileID: 0}
    - target: {fileID: 3252862117495172843, guid: 5f6b9ae252edabf468f9a04446580713, type: 3}
      propertyPath: m_SizeDelta.x
      value: 0
      objectReference: {fileID: 0}
    - target: {fileID: 3252862117495172843, guid: 5f6b9ae252edabf468f9a04446580713, type: 3}
      propertyPath: m_AnchoredPosition.x
      value: 0
      objectReference: {fileID: 0}
    - target: {fileID: 3252862117495172843, guid: 5f6b9ae252edabf468f9a04446580713, type: 3}
      propertyPath: m_AnchoredPosition.y
      value: 0
      objectReference: {fileID: 0}
    - target: {fileID: 3252862118282364694, guid: 5f6b9ae252edabf468f9a04446580713, type: 3}
      propertyPath: m_Pivot.x
      value: 0.5
      objectReference: {fileID: 0}
    - target: {fileID: 3252862118282364694, guid: 5f6b9ae252edabf468f9a04446580713, type: 3}
      propertyPath: m_AnchorMax.x
      value: 0.5
      objectReference: {fileID: 0}
    - target: {fileID: 3252862118282364694, guid: 5f6b9ae252edabf468f9a04446580713, type: 3}
      propertyPath: m_AnchorMin.x
      value: 0.5
      objectReference: {fileID: 0}
    - target: {fileID: 3252862118282364694, guid: 5f6b9ae252edabf468f9a04446580713, type: 3}
      propertyPath: m_AnchoredPosition.x
      value: 0
      objectReference: {fileID: 0}
    - target: {fileID: 3252862118282364694, guid: 5f6b9ae252edabf468f9a04446580713, type: 3}
      propertyPath: m_AnchoredPosition.y
      value: -72.00012
      objectReference: {fileID: 0}
    - target: {fileID: 3252862118389210338, guid: 5f6b9ae252edabf468f9a04446580713, type: 3}
      propertyPath: m_IsActive
      value: 0
      objectReference: {fileID: 0}
    - target: {fileID: 3252862118516901409, guid: 5f6b9ae252edabf468f9a04446580713, type: 3}
      propertyPath: m_SizeDelta.y
      value: 0
      objectReference: {fileID: 0}
    - target: {fileID: 3252862118637731734, guid: 5f6b9ae252edabf468f9a04446580713, type: 3}
      propertyPath: m_AnchorMax.y
      value: 0
      objectReference: {fileID: 0}
    - target: {fileID: 3252862118637731734, guid: 5f6b9ae252edabf468f9a04446580713, type: 3}
      propertyPath: m_AnchorMin.y
      value: 0
      objectReference: {fileID: 0}
    - target: {fileID: 3252862118637731734, guid: 5f6b9ae252edabf468f9a04446580713, type: 3}
      propertyPath: m_SizeDelta.x
      value: 1080
      objectReference: {fileID: 0}
    - target: {fileID: 3252862118637731734, guid: 5f6b9ae252edabf468f9a04446580713, type: 3}
      propertyPath: m_SizeDelta.y
      value: 0
      objectReference: {fileID: 0}
    - target: {fileID: 3252862118637731734, guid: 5f6b9ae252edabf468f9a04446580713, type: 3}
      propertyPath: m_AnchoredPosition.x
      value: 540
      objectReference: {fileID: 0}
    - target: {fileID: 3252862118637731734, guid: 5f6b9ae252edabf468f9a04446580713, type: 3}
      propertyPath: m_AnchoredPosition.y
      value: 0
      objectReference: {fileID: 0}
    - target: {fileID: 3252862118989706046, guid: 5f6b9ae252edabf468f9a04446580713, type: 3}
      propertyPath: m_AnchorMax.y
      value: 0
      objectReference: {fileID: 0}
    - target: {fileID: 3252862118989706046, guid: 5f6b9ae252edabf468f9a04446580713, type: 3}
      propertyPath: m_AnchorMin.y
      value: 0
      objectReference: {fileID: 0}
    - target: {fileID: 3252862118989706046, guid: 5f6b9ae252edabf468f9a04446580713, type: 3}
      propertyPath: m_SizeDelta.x
      value: 0
      objectReference: {fileID: 0}
    - target: {fileID: 3252862118989706046, guid: 5f6b9ae252edabf468f9a04446580713, type: 3}
      propertyPath: m_AnchoredPosition.x
      value: 0
      objectReference: {fileID: 0}
    - target: {fileID: 3252862118989706046, guid: 5f6b9ae252edabf468f9a04446580713, type: 3}
      propertyPath: m_AnchoredPosition.y
      value: 0
      objectReference: {fileID: 0}
    - target: {fileID: 3252862119220236700, guid: 5f6b9ae252edabf468f9a04446580713, type: 3}
      propertyPath: m_AnchorMax.y
      value: 0
      objectReference: {fileID: 0}
    - target: {fileID: 3252862119220236700, guid: 5f6b9ae252edabf468f9a04446580713, type: 3}
      propertyPath: m_AnchorMin.y
      value: 0
      objectReference: {fileID: 0}
    - target: {fileID: 3252862119220236700, guid: 5f6b9ae252edabf468f9a04446580713, type: 3}
      propertyPath: m_SizeDelta.x
      value: 1080
      objectReference: {fileID: 0}
    - target: {fileID: 3252862119220236700, guid: 5f6b9ae252edabf468f9a04446580713, type: 3}
      propertyPath: m_SizeDelta.y
      value: 0
      objectReference: {fileID: 0}
    - target: {fileID: 3252862119220236700, guid: 5f6b9ae252edabf468f9a04446580713, type: 3}
      propertyPath: m_AnchoredPosition.x
      value: 540
      objectReference: {fileID: 0}
    - target: {fileID: 3252862119220236700, guid: 5f6b9ae252edabf468f9a04446580713, type: 3}
      propertyPath: m_AnchoredPosition.y
      value: 0
      objectReference: {fileID: 0}
    - target: {fileID: 3377309999779343049, guid: 5f6b9ae252edabf468f9a04446580713, type: 3}
      propertyPath: m_SizeDelta.y
      value: 825.14996
      objectReference: {fileID: 0}
    - target: {fileID: 3377310000634214321, guid: 5f6b9ae252edabf468f9a04446580713, type: 3}
      propertyPath: m_RootOrder
      value: 2
      objectReference: {fileID: 0}
    - target: {fileID: 3377310000634214321, guid: 5f6b9ae252edabf468f9a04446580713, type: 3}
      propertyPath: m_LocalPosition.x
      value: 0
      objectReference: {fileID: 0}
    - target: {fileID: 3377310000634214321, guid: 5f6b9ae252edabf468f9a04446580713, type: 3}
      propertyPath: m_LocalPosition.y
      value: 0
      objectReference: {fileID: 0}
    - target: {fileID: 3377310000634214321, guid: 5f6b9ae252edabf468f9a04446580713, type: 3}
      propertyPath: m_LocalPosition.z
      value: 0
      objectReference: {fileID: 0}
    - target: {fileID: 3377310000634214321, guid: 5f6b9ae252edabf468f9a04446580713, type: 3}
      propertyPath: m_LocalRotation.w
      value: 1
      objectReference: {fileID: 0}
    - target: {fileID: 3377310000634214321, guid: 5f6b9ae252edabf468f9a04446580713, type: 3}
      propertyPath: m_LocalRotation.x
      value: -0
      objectReference: {fileID: 0}
    - target: {fileID: 3377310000634214321, guid: 5f6b9ae252edabf468f9a04446580713, type: 3}
      propertyPath: m_LocalRotation.y
      value: -0
      objectReference: {fileID: 0}
    - target: {fileID: 3377310000634214321, guid: 5f6b9ae252edabf468f9a04446580713, type: 3}
      propertyPath: m_LocalRotation.z
      value: -0
      objectReference: {fileID: 0}
    - target: {fileID: 3377310000634214321, guid: 5f6b9ae252edabf468f9a04446580713, type: 3}
      propertyPath: m_LocalEulerAnglesHint.x
      value: 0
      objectReference: {fileID: 0}
    - target: {fileID: 3377310000634214321, guid: 5f6b9ae252edabf468f9a04446580713, type: 3}
      propertyPath: m_LocalEulerAnglesHint.y
      value: 0
      objectReference: {fileID: 0}
    - target: {fileID: 3377310000634214321, guid: 5f6b9ae252edabf468f9a04446580713, type: 3}
      propertyPath: m_LocalEulerAnglesHint.z
      value: 0
      objectReference: {fileID: 0}
    - target: {fileID: 3377310000634214323, guid: 5f6b9ae252edabf468f9a04446580713, type: 3}
      propertyPath: UICanvases.Array.size
      value: 8
      objectReference: {fileID: 0}
    - target: {fileID: 3377310000634214323, guid: 5f6b9ae252edabf468f9a04446580713, type: 3}
      propertyPath: UICanvases.Array.data[0]
      value: 
      objectReference: {fileID: 5712769371147374665}
    - target: {fileID: 3377310000634214323, guid: 5f6b9ae252edabf468f9a04446580713, type: 3}
      propertyPath: UICanvases.Array.data[1]
      value: 
      objectReference: {fileID: 5712769371147374658}
    - target: {fileID: 3377310000634214323, guid: 5f6b9ae252edabf468f9a04446580713, type: 3}
      propertyPath: UICanvases.Array.data[2]
      value: 
      objectReference: {fileID: 5712769371147374663}
    - target: {fileID: 3377310000634214323, guid: 5f6b9ae252edabf468f9a04446580713, type: 3}
      propertyPath: UICanvases.Array.data[3]
      value: 
      objectReference: {fileID: 5712769371147374664}
    - target: {fileID: 3377310000634214323, guid: 5f6b9ae252edabf468f9a04446580713, type: 3}
      propertyPath: UICanvases.Array.data[4]
      value: 
      objectReference: {fileID: 5712769371147374660}
    - target: {fileID: 3377310000634214323, guid: 5f6b9ae252edabf468f9a04446580713, type: 3}
      propertyPath: UICanvases.Array.data[5]
      value: 
      objectReference: {fileID: 5712769371147374662}
    - target: {fileID: 3377310000634214323, guid: 5f6b9ae252edabf468f9a04446580713, type: 3}
      propertyPath: UICanvases.Array.data[6]
      value: 
      objectReference: {fileID: 5712769371147374661}
    - target: {fileID: 3377310000634214323, guid: 5f6b9ae252edabf468f9a04446580713, type: 3}
      propertyPath: UICanvases.Array.data[7]
      value: 
      objectReference: {fileID: 1961010471505547937}
    - target: {fileID: 3377310000634214323, guid: 5f6b9ae252edabf468f9a04446580713, type: 3}
      propertyPath: UICanvases.Array.data[8]
      value: 
      objectReference: {fileID: 0}
    - target: {fileID: 3377310000634214323, guid: 5f6b9ae252edabf468f9a04446580713, type: 3}
      propertyPath: UICanvases.Array.data[9]
      value: 
      objectReference: {fileID: 0}
    - target: {fileID: 3377310000634214323, guid: 5f6b9ae252edabf468f9a04446580713, type: 3}
      propertyPath: UICanvases.Array.data[10]
      value: 
      objectReference: {fileID: 0}
    - target: {fileID: 3377310000634214323, guid: 5f6b9ae252edabf468f9a04446580713, type: 3}
      propertyPath: UICanvases.Array.data[11]
      value: 
      objectReference: {fileID: 0}
    - target: {fileID: 3377310000634214332, guid: 5f6b9ae252edabf468f9a04446580713, type: 3}
      propertyPath: m_Name
      value: UIManager Keren
      objectReference: {fileID: 0}
    - target: {fileID: 3377310000773548557, guid: 5f6b9ae252edabf468f9a04446580713, type: 3}
      propertyPath: m_IsActive
      value: 0
      objectReference: {fileID: 0}
    - target: {fileID: 3377310000775808884, guid: 5f6b9ae252edabf468f9a04446580713, type: 3}
      propertyPath: _linearException
      value: 1
      objectReference: {fileID: 0}
    - target: {fileID: 3377310001107059424, guid: 5f6b9ae252edabf468f9a04446580713, type: 3}
      propertyPath: m_IsActive
      value: 0
      objectReference: {fileID: 0}
    - target: {fileID: 7569174817091478798, guid: 5f6b9ae252edabf468f9a04446580713, type: 3}
      propertyPath: m_AnchorMax.y
      value: 1
      objectReference: {fileID: 0}
    - target: {fileID: 7569174817091478798, guid: 5f6b9ae252edabf468f9a04446580713, type: 3}
      propertyPath: m_AnchorMin.y
      value: 1
      objectReference: {fileID: 0}
    - target: {fileID: 7569174817091478798, guid: 5f6b9ae252edabf468f9a04446580713, type: 3}
      propertyPath: m_SizeDelta.y
      value: 114
      objectReference: {fileID: 0}
    - target: {fileID: 7569174817091478798, guid: 5f6b9ae252edabf468f9a04446580713, type: 3}
      propertyPath: m_AnchoredPosition.x
      value: 540
      objectReference: {fileID: 0}
    - target: {fileID: 7569174817179269017, guid: 5f6b9ae252edabf468f9a04446580713, type: 3}
      propertyPath: m_AnchorMax.y
      value: 1
      objectReference: {fileID: 0}
    - target: {fileID: 7569174817179269017, guid: 5f6b9ae252edabf468f9a04446580713, type: 3}
      propertyPath: m_AnchorMin.y
      value: 1
      objectReference: {fileID: 0}
    - target: {fileID: 7569174817179269017, guid: 5f6b9ae252edabf468f9a04446580713, type: 3}
      propertyPath: m_SizeDelta.y
      value: 276.28998
      objectReference: {fileID: 0}
    - target: {fileID: 7569174817179269017, guid: 5f6b9ae252edabf468f9a04446580713, type: 3}
      propertyPath: m_AnchoredPosition.x
      value: 540
      objectReference: {fileID: 0}
    - target: {fileID: 7569174817179269017, guid: 5f6b9ae252edabf468f9a04446580713, type: 3}
      propertyPath: m_AnchoredPosition.y
      value: -266.57
      objectReference: {fileID: 0}
    - target: {fileID: 7569174818322035182, guid: 5f6b9ae252edabf468f9a04446580713, type: 3}
      propertyPath: m_AnchorMax.y
      value: 1
      objectReference: {fileID: 0}
    - target: {fileID: 7569174818322035182, guid: 5f6b9ae252edabf468f9a04446580713, type: 3}
      propertyPath: m_AnchorMin.y
      value: 1
      objectReference: {fileID: 0}
    - target: {fileID: 7569174818322035182, guid: 5f6b9ae252edabf468f9a04446580713, type: 3}
      propertyPath: m_SizeDelta.y
      value: 162.29
      objectReference: {fileID: 0}
    - target: {fileID: 7569174818322035182, guid: 5f6b9ae252edabf468f9a04446580713, type: 3}
      propertyPath: m_AnchoredPosition.x
      value: 545.845
      objectReference: {fileID: 0}
    - target: {fileID: 7569174818322035182, guid: 5f6b9ae252edabf468f9a04446580713, type: 3}
      propertyPath: m_AnchoredPosition.y
      value: -114
      objectReference: {fileID: 0}
    - target: {fileID: 7569174818581899779, guid: 5f6b9ae252edabf468f9a04446580713, type: 3}
      propertyPath: m_AnchorMax.y
      value: 1
      objectReference: {fileID: 0}
    - target: {fileID: 7569174818581899779, guid: 5f6b9ae252edabf468f9a04446580713, type: 3}
      propertyPath: m_AnchorMin.y
      value: 1
      objectReference: {fileID: 0}
    - target: {fileID: 7569174818581899779, guid: 5f6b9ae252edabf468f9a04446580713, type: 3}
      propertyPath: m_SizeDelta.y
      value: 128.29
      objectReference: {fileID: 0}
    - target: {fileID: 7569174818581899779, guid: 5f6b9ae252edabf468f9a04446580713, type: 3}
      propertyPath: m_AnchoredPosition.x
      value: 554.6934
      objectReference: {fileID: 0}
    - target: {fileID: 7569174818581899779, guid: 5f6b9ae252edabf468f9a04446580713, type: 3}
      propertyPath: m_AnchoredPosition.y
      value: -81.145
      objectReference: {fileID: 0}
    m_RemovedComponents:
    - {fileID: 3684406634508993237, guid: 5f6b9ae252edabf468f9a04446580713, type: 3}
  m_SourcePrefab: {fileID: 100100000, guid: 5f6b9ae252edabf468f9a04446580713, type: 3}
--- !u!1 &5712769371147374657 stripped
GameObject:
  m_CorrespondingSourceObject: {fileID: 3377310000773548557, guid: 5f6b9ae252edabf468f9a04446580713, type: 3}
  m_PrefabInstance: {fileID: 5712769371147374656}
  m_PrefabAsset: {fileID: 0}
--- !u!223 &5712769371147374658 stripped
Canvas:
  m_CorrespondingSourceObject: {fileID: 3377310000773548544, guid: 5f6b9ae252edabf468f9a04446580713, type: 3}
  m_PrefabInstance: {fileID: 5712769371147374656}
  m_PrefabAsset: {fileID: 0}
--- !u!4 &5712769371147374659 stripped
Transform:
  m_CorrespondingSourceObject: {fileID: 3377310000634214321, guid: 5f6b9ae252edabf468f9a04446580713, type: 3}
  m_PrefabInstance: {fileID: 5712769371147374656}
  m_PrefabAsset: {fileID: 0}
--- !u!223 &5712769371147374660 stripped
Canvas:
  m_CorrespondingSourceObject: {fileID: 7914054294956424809, guid: 5f6b9ae252edabf468f9a04446580713, type: 3}
  m_PrefabInstance: {fileID: 5712769371147374656}
  m_PrefabAsset: {fileID: 0}
--- !u!223 &5712769371147374661 stripped
Canvas:
  m_CorrespondingSourceObject: {fileID: 3252862118987008331, guid: 5f6b9ae252edabf468f9a04446580713, type: 3}
  m_PrefabInstance: {fileID: 5712769371147374656}
  m_PrefabAsset: {fileID: 0}
--- !u!223 &5712769371147374662 stripped
Canvas:
  m_CorrespondingSourceObject: {fileID: 4161399860825251506, guid: 5f6b9ae252edabf468f9a04446580713, type: 3}
  m_PrefabInstance: {fileID: 5712769371147374656}
  m_PrefabAsset: {fileID: 0}
--- !u!223 &5712769371147374663 stripped
Canvas:
  m_CorrespondingSourceObject: {fileID: 3377310001107059419, guid: 5f6b9ae252edabf468f9a04446580713, type: 3}
  m_PrefabInstance: {fileID: 5712769371147374656}
  m_PrefabAsset: {fileID: 0}
--- !u!223 &5712769371147374664 stripped
Canvas:
  m_CorrespondingSourceObject: {fileID: 3377309999613109761, guid: 5f6b9ae252edabf468f9a04446580713, type: 3}
  m_PrefabInstance: {fileID: 5712769371147374656}
  m_PrefabAsset: {fileID: 0}
--- !u!223 &5712769371147374665 stripped
Canvas:
  m_CorrespondingSourceObject: {fileID: 3377310001065017784, guid: 5f6b9ae252edabf468f9a04446580713, type: 3}
  m_PrefabInstance: {fileID: 5712769371147374656}
  m_PrefabAsset: {fileID: 0}
--- !u!224 &5712769371147374666 stripped
RectTransform:
  m_CorrespondingSourceObject: {fileID: 9122117761520471899, guid: 5f6b9ae252edabf468f9a04446580713, type: 3}
  m_PrefabInstance: {fileID: 5712769371147374656}
  m_PrefabAsset: {fileID: 0}
--- !u!114 &5976011253002261409
MonoBehaviour:
  m_ObjectHideFlags: 0
  m_CorrespondingSourceObject: {fileID: 0}
  m_PrefabInstance: {fileID: 0}
  m_PrefabAsset: {fileID: 0}
  m_GameObject: {fileID: 2120501296}
  m_Enabled: 1
  m_EditorHideFlags: 0
  m_Script: {fileID: 11500000, guid: 8e39dca3ed48c5d4bb32a55c7dddb7d2, type: 3}
  m_Name: 
  m_EditorClassIdentifier: 
  mode: 0
  sectionList: []
  highlightMaterial: {fileID: 2100000, guid: f4df8d326efb7e840819b6a6d7f8cd33, type: 2}
  isInit: 0
  playTime: 0
  currentSection: {fileID: 0}
  playerList: []
--- !u!23 &6013912467016470179
MeshRenderer:
  m_ObjectHideFlags: 0
  m_CorrespondingSourceObject: {fileID: 0}
  m_PrefabInstance: {fileID: 0}
  m_PrefabAsset: {fileID: 0}
  m_GameObject: {fileID: 7474352206369949505}
  m_Enabled: 0
  m_CastShadows: 1
  m_ReceiveShadows: 1
  m_DynamicOccludee: 1
  m_MotionVectors: 1
  m_LightProbeUsage: 1
  m_ReflectionProbeUsage: 1
  m_RayTracingMode: 2
  m_RayTraceProcedural: 0
  m_RenderingLayerMask: 1
  m_RendererPriority: 0
  m_Materials:
  - {fileID: 2100000, guid: 31321ba15b8f8eb4c954353edc038b1d, type: 2}
  m_StaticBatchInfo:
    firstSubMesh: 0
    subMeshCount: 0
  m_StaticBatchRoot: {fileID: 0}
  m_ProbeAnchor: {fileID: 0}
  m_LightProbeVolumeOverride: {fileID: 0}
  m_ScaleInLightmap: 1
  m_ReceiveGI: 1
  m_PreserveUVs: 0
  m_IgnoreNormalsForChartDetection: 0
  m_ImportantGI: 0
  m_StitchLightmapSeams: 1
  m_SelectedEditorRenderState: 3
  m_MinimumChartSize: 4
  m_AutoUVMaxDistance: 0.5
  m_AutoUVMaxAngle: 89
  m_LightmapParameters: {fileID: 0}
  m_SortingLayerID: 0
  m_SortingLayer: 0
  m_SortingOrder: 0
  m_AdditionalVertexStreams: {fileID: 0}
--- !u!114 &6015156531636942509
MonoBehaviour:
  m_ObjectHideFlags: 0
  m_CorrespondingSourceObject: {fileID: 0}
  m_PrefabInstance: {fileID: 0}
  m_PrefabAsset: {fileID: 0}
  m_GameObject: {fileID: 3282152845531542477}
  m_Enabled: 1
  m_EditorHideFlags: 0
  m_Script: {fileID: 11500000, guid: 0cd44c1031e13a943bb63640046fad76, type: 3}
  m_Name: 
  m_EditorClassIdentifier: 
  m_UiScaleMode: 0
  m_ReferencePixelsPerUnit: 100
  m_ScaleFactor: 1
  m_ReferenceResolution: {x: 800, y: 600}
  m_ScreenMatchMode: 0
  m_MatchWidthOrHeight: 0
  m_PhysicalUnit: 3
  m_FallbackScreenDPI: 96
  m_DefaultSpriteDPI: 96
  m_DynamicPixelsPerUnit: 1
  m_PresetInfoIsWorld: 1
--- !u!1 &6364237645121362891
GameObject:
  m_ObjectHideFlags: 0
  m_CorrespondingSourceObject: {fileID: 0}
  m_PrefabInstance: {fileID: 0}
  m_PrefabAsset: {fileID: 0}
  serializedVersion: 6
  m_Component:
  - component: {fileID: 7589344372384533568}
  - component: {fileID: 1516984527906357467}
  - component: {fileID: 689249678605175430}
  m_Layer: 5
  m_Name: Text (TMP)
  m_TagString: Untagged
  m_Icon: {fileID: 0}
  m_NavMeshLayer: 0
  m_StaticEditorFlags: 0
  m_IsActive: 1
--- !u!1 &6510843207824169160
GameObject:
  m_ObjectHideFlags: 0
  m_CorrespondingSourceObject: {fileID: 0}
  m_PrefabInstance: {fileID: 0}
  m_PrefabAsset: {fileID: 0}
  serializedVersion: 6
  m_Component:
  - component: {fileID: 505983037671217163}
  - component: {fileID: 2942719356084216309}
  - component: {fileID: 1393898215577083708}
  m_Layer: 5
  m_Name: Image
  m_TagString: Untagged
  m_Icon: {fileID: 0}
  m_NavMeshLayer: 0
  m_StaticEditorFlags: 0
  m_IsActive: 0
--- !u!1 &7474352206369949505
GameObject:
  m_ObjectHideFlags: 0
  m_CorrespondingSourceObject: {fileID: 0}
  m_PrefabInstance: {fileID: 0}
  m_PrefabAsset: {fileID: 0}
  serializedVersion: 6
  m_Component:
  - component: {fileID: 5026473622654969379}
  - component: {fileID: 1506526202469656284}
  - component: {fileID: 6013912467016470179}
  - component: {fileID: 4178366216805186908}
  m_Layer: 0
  m_Name: Cube
  m_TagString: Untagged
  m_Icon: {fileID: 0}
  m_NavMeshLayer: 0
  m_StaticEditorFlags: 0
  m_IsActive: 1
--- !u!224 &7589344372384533568
RectTransform:
  m_ObjectHideFlags: 0
  m_CorrespondingSourceObject: {fileID: 0}
  m_PrefabInstance: {fileID: 0}
  m_PrefabAsset: {fileID: 0}
  m_GameObject: {fileID: 6364237645121362891}
  m_LocalRotation: {x: -0, y: -0, z: -0, w: 1}
  m_LocalPosition: {x: 0, y: 0, z: 0}
  m_LocalScale: {x: 1, y: 1, z: 1}
  m_Children: []
  m_Father: {fileID: 505983037671217163}
  m_RootOrder: 0
  m_LocalEulerAnglesHint: {x: 0, y: 0, z: 0}
  m_AnchorMin: {x: 0, y: 0}
  m_AnchorMax: {x: 1, y: 1}
  m_AnchoredPosition: {x: 0, y: 0}
  m_SizeDelta: {x: 0, y: 0}
  m_Pivot: {x: 0.5, y: 0.5}
--- !u!1 &8054659742698301952
GameObject:
  m_ObjectHideFlags: 0
  m_CorrespondingSourceObject: {fileID: 0}
  m_PrefabInstance: {fileID: 0}
  m_PrefabAsset: {fileID: 0}
  serializedVersion: 6
  m_Component:
  - component: {fileID: 1012833265665211609}
  - component: {fileID: 398624175193667038}
  - component: {fileID: 5209924977375260251}
  m_Layer: 0
  m_Name: Sphere
  m_TagString: Untagged
  m_Icon: {fileID: 0}
  m_NavMeshLayer: 0
  m_StaticEditorFlags: 0
  m_IsActive: 1
