%YAML 1.1
%TAG !u! tag:unity3d.com,2011:
--- !u!1001 &1645169982202346640
PrefabInstance:
  m_ObjectHideFlags: 0
  serializedVersion: 2
  m_Modification:
    m_TransformParent: {fileID: 0}
    m_Modifications:
    - target: {fileID: 377244791047140857, guid: a74d802fafc0a1e469153a532aed2257, type: 3}
      propertyPath: serializationData.Prefab
      value: 
      objectReference: {fileID: 377244791047140857, guid: a74d802fafc0a1e469153a532aed2257, type: 3}
    - target: {fileID: 824390358771204552, guid: a74d802fafc0a1e469153a532aed2257, type: 3}
      propertyPath: m_AnchorMax.y
      value: 0
      objectReference: {fileID: 0}
    - target: {fileID: 824390358771204552, guid: a74d802fafc0a1e469153a532aed2257, type: 3}
      propertyPath: m_AnchorMin.y
      value: 0
      objectReference: {fileID: 0}
    - target: {fileID: 824390358771204552, guid: a74d802fafc0a1e469153a532aed2257, type: 3}
      propertyPath: m_AnchoredPosition.x
      value: 0
      objectReference: {fileID: 0}
    - target: {fileID: 824390358771204552, guid: a74d802fafc0a1e469153a532aed2257, type: 3}
      propertyPath: m_AnchoredPosition.y
      value: 0
      objectReference: {fileID: 0}
    - target: {fileID: 898167646967400331, guid: a74d802fafc0a1e469153a532aed2257, type: 3}
      propertyPath: m_IsActive
      value: 1
      objectReference: {fileID: 0}
    - target: {fileID: 938894090433691645, guid: a74d802fafc0a1e469153a532aed2257, type: 3}
      propertyPath: sceneDestinationName
      value: LobbyScene - Harda - NoSplash N
      objectReference: {fileID: 0}
    - target: {fileID: 1718723254047177663, guid: a74d802fafc0a1e469153a532aed2257, type: 3}
      propertyPath: m_AnchorMax.y
      value: 0
      objectReference: {fileID: 0}
    - target: {fileID: 1718723254047177663, guid: a74d802fafc0a1e469153a532aed2257, type: 3}
      propertyPath: m_AnchorMin.y
      value: 0
      objectReference: {fileID: 0}
    - target: {fileID: 1718723254047177663, guid: a74d802fafc0a1e469153a532aed2257, type: 3}
      propertyPath: m_AnchoredPosition.x
      value: 0
      objectReference: {fileID: 0}
    - target: {fileID: 1718723254047177663, guid: a74d802fafc0a1e469153a532aed2257, type: 3}
      propertyPath: m_AnchoredPosition.y
      value: 0
      objectReference: {fileID: 0}
    - target: {fileID: 2149728860285788742, guid: a74d802fafc0a1e469153a532aed2257, type: 3}
      propertyPath: sceneViewId
      value: 0
      objectReference: {fileID: 0}
    - target: {fileID: 2272722896654922039, guid: a74d802fafc0a1e469153a532aed2257, type: 3}
      propertyPath: m_OnClick.m_PersistentCalls.m_Calls.Array.data[0].m_Arguments.m_ObjectArgument
      value: 
      objectReference: {fileID: 11400000, guid: 38877a64a13a3ec47bcdcf3da751afe2, type: 2}
    - target: {fileID: 2359823427842057779, guid: a74d802fafc0a1e469153a532aed2257, type: 3}
      propertyPath: m_text
      value: MC1
      objectReference: {fileID: 0}
    - target: {fileID: 2359823427842057779, guid: a74d802fafc0a1e469153a532aed2257, type: 3}
      propertyPath: m_fontSize
      value: 3.65
      objectReference: {fileID: 0}
    - target: {fileID: 2542397107110426050, guid: a74d802fafc0a1e469153a532aed2257, type: 3}
      propertyPath: m_text
      value: MC1
      objectReference: {fileID: 0}
    - target: {fileID: 2727175560776677822, guid: a74d802fafc0a1e469153a532aed2257, type: 3}
      propertyPath: m_AnchorMax.y
      value: 0
      objectReference: {fileID: 0}
    - target: {fileID: 2727175560776677822, guid: a74d802fafc0a1e469153a532aed2257, type: 3}
      propertyPath: m_AnchorMin.y
      value: 0
      objectReference: {fileID: 0}
    - target: {fileID: 2727175560776677822, guid: a74d802fafc0a1e469153a532aed2257, type: 3}
      propertyPath: m_AnchoredPosition.x
      value: 0
      objectReference: {fileID: 0}
    - target: {fileID: 2727175560776677822, guid: a74d802fafc0a1e469153a532aed2257, type: 3}
      propertyPath: m_AnchoredPosition.y
      value: 0
      objectReference: {fileID: 0}
    - target: {fileID: 2930984423873115300, guid: a74d802fafc0a1e469153a532aed2257, type: 3}
      propertyPath: m_SizeDelta.x
      value: 0
      objectReference: {fileID: 0}
    - target: {fileID: 2930984423873115300, guid: a74d802fafc0a1e469153a532aed2257, type: 3}
      propertyPath: m_SizeDelta.y
      value: 0
      objectReference: {fileID: 0}
    - target: {fileID: 3002456645576831424, guid: a74d802fafc0a1e469153a532aed2257, type: 3}
      propertyPath: serializationData.Prefab
      value: 
      objectReference: {fileID: 3002456645576831424, guid: a74d802fafc0a1e469153a532aed2257, type: 3}
    - target: {fileID: 3178959531802944362, guid: a74d802fafc0a1e469153a532aed2257, type: 3}
      propertyPath: sceneViewId
      value: 0
      objectReference: {fileID: 0}
    - target: {fileID: 3230079199970137633, guid: a74d802fafc0a1e469153a532aed2257, type: 3}
      propertyPath: m_OnClick.m_PersistentCalls.m_Calls.Array.data[0].m_Arguments.m_ObjectArgument
      value: 
      objectReference: {fileID: 11400000, guid: 38877a64a13a3ec47bcdcf3da751afe2, type: 2}
    - target: {fileID: 3230079199970137633, guid: a74d802fafc0a1e469153a532aed2257, type: 3}
      propertyPath: m_OnClick.m_PersistentCalls.m_Calls.Array.data[1].m_Arguments.m_ObjectArgument
      value: 
      objectReference: {fileID: 11400000, guid: 38877a64a13a3ec47bcdcf3da751afe2, type: 2}
    - target: {fileID: 3371660763395745569, guid: a74d802fafc0a1e469153a532aed2257, type: 3}
      propertyPath: m_AnchorMax.y
      value: 0
      objectReference: {fileID: 0}
    - target: {fileID: 3371660763395745569, guid: a74d802fafc0a1e469153a532aed2257, type: 3}
      propertyPath: m_AnchorMin.y
      value: 0
      objectReference: {fileID: 0}
    - target: {fileID: 3371660763395745569, guid: a74d802fafc0a1e469153a532aed2257, type: 3}
      propertyPath: m_AnchoredPosition.x
      value: 0
      objectReference: {fileID: 0}
    - target: {fileID: 3371660763395745569, guid: a74d802fafc0a1e469153a532aed2257, type: 3}
      propertyPath: m_AnchoredPosition.y
      value: 0
      objectReference: {fileID: 0}
    - target: {fileID: 3496744194316443933, guid: a74d802fafc0a1e469153a532aed2257, type: 3}
      propertyPath: serializationData.Prefab
      value: 
      objectReference: {fileID: 3496744194316443933, guid: a74d802fafc0a1e469153a532aed2257, type: 3}
    - target: {fileID: 3728062895108823528, guid: a74d802fafc0a1e469153a532aed2257, type: 3}
      propertyPath: serializationData.Prefab
      value: 
      objectReference: {fileID: 3728062895108823528, guid: a74d802fafc0a1e469153a532aed2257, type: 3}
    - target: {fileID: 3942401505948194168, guid: a74d802fafc0a1e469153a532aed2257, type: 3}
      propertyPath: serializationData.Prefab
      value: 
      objectReference: {fileID: 3942401505948194168, guid: a74d802fafc0a1e469153a532aed2257, type: 3}
    - target: {fileID: 3956166422620029151, guid: a74d802fafc0a1e469153a532aed2257, type: 3}
      propertyPath: m_OnClick.m_PersistentCalls.m_Calls.Array.data[0].m_Arguments.m_ObjectArgument
      value: 
      objectReference: {fileID: 11400000, guid: a5165de85fcd6e042a902ae61b7e8cc4, type: 2}
    - target: {fileID: 4088135816867393725, guid: a74d802fafc0a1e469153a532aed2257, type: 3}
      propertyPath: serializationData.Prefab
      value: 
      objectReference: {fileID: 4088135816867393725, guid: a74d802fafc0a1e469153a532aed2257, type: 3}
    - target: {fileID: 4088135816867393726, guid: a74d802fafc0a1e469153a532aed2257, type: 3}
      propertyPath: sceneViewId
      value: 0
      objectReference: {fileID: 0}
    - target: {fileID: 4220371858417923596, guid: a74d802fafc0a1e469153a532aed2257, type: 3}
      propertyPath: m_SizeDelta.x
      value: 0
      objectReference: {fileID: 0}
    - target: {fileID: 4220371858417923596, guid: a74d802fafc0a1e469153a532aed2257, type: 3}
      propertyPath: m_SizeDelta.y
      value: 0
      objectReference: {fileID: 0}
    - target: {fileID: 4292848486864376653, guid: a74d802fafc0a1e469153a532aed2257, type: 3}
      propertyPath: serializationData.Prefab
      value: 
      objectReference: {fileID: 4292848486864376653, guid: a74d802fafc0a1e469153a532aed2257, type: 3}
    - target: {fileID: 4494101730930792683, guid: a74d802fafc0a1e469153a532aed2257, type: 3}
      propertyPath: sceneDestinationName
      value: LobbyScene - Harda - NoSplash N
      objectReference: {fileID: 0}
    - target: {fileID: 4639510885073146621, guid: a74d802fafc0a1e469153a532aed2257, type: 3}
      propertyPath: sceneDestinationName
      value: LobbyScene - Harda - NoSplash N
      objectReference: {fileID: 0}
    - target: {fileID: 4869926960961175820, guid: a74d802fafc0a1e469153a532aed2257, type: 3}
      propertyPath: sceneDestinationName
      value: LobbyScene - Harda - NoSplash N
      objectReference: {fileID: 0}
    - target: {fileID: 5100953832412049079, guid: a74d802fafc0a1e469153a532aed2257, type: 3}
      propertyPath: serializationData.Prefab
      value: 
      objectReference: {fileID: 5100953832412049079, guid: a74d802fafc0a1e469153a532aed2257, type: 3}
    - target: {fileID: 5390103415166492880, guid: a74d802fafc0a1e469153a532aed2257, type: 3}
      propertyPath: serializationData.Prefab
      value: 
      objectReference: {fileID: 5390103415166492880, guid: a74d802fafc0a1e469153a532aed2257, type: 3}
    - target: {fileID: 5824317978247288620, guid: a74d802fafc0a1e469153a532aed2257, type: 3}
      propertyPath: m_SizeDelta.x
      value: 0
      objectReference: {fileID: 0}
    - target: {fileID: 5824317978247288620, guid: a74d802fafc0a1e469153a532aed2257, type: 3}
      propertyPath: m_SizeDelta.y
      value: 0
      objectReference: {fileID: 0}
    - target: {fileID: 5871251981470952521, guid: a74d802fafc0a1e469153a532aed2257, type: 3}
      propertyPath: serializationData.Prefab
      value: 
      objectReference: {fileID: 5871251981470952521, guid: a74d802fafc0a1e469153a532aed2257, type: 3}
    - target: {fileID: 6035070994684380553, guid: a74d802fafc0a1e469153a532aed2257, type: 3}
      propertyPath: serializationData.Prefab
      value: 
      objectReference: {fileID: 6035070994684380553, guid: a74d802fafc0a1e469153a532aed2257, type: 3}
    - target: {fileID: 6035070994684380553, guid: a74d802fafc0a1e469153a532aed2257, type: 3}
      propertyPath: slotList.Array.data[0].profile
      value: 
      objectReference: {fileID: 11400000, guid: 05819fe4c1f318c4c94392ff837a53fd, type: 2}
    - target: {fileID: 6035070994684380553, guid: a74d802fafc0a1e469153a532aed2257, type: 3}
      propertyPath: onOccupied.m_PersistentCalls.m_Calls.Array.size
      value: 2
      objectReference: {fileID: 0}
    - target: {fileID: 6035070994684380553, guid: a74d802fafc0a1e469153a532aed2257, type: 3}
      propertyPath: onOccupied.m_PersistentCalls.m_Calls.Array.data[0].m_Mode
      value: 3
      objectReference: {fileID: 0}
    - target: {fileID: 6035070994684380553, guid: a74d802fafc0a1e469153a532aed2257, type: 3}
      propertyPath: onOccupied.m_PersistentCalls.m_Calls.Array.data[1].m_Mode
      value: 1
      objectReference: {fileID: 0}
    - target: {fileID: 6035070994684380553, guid: a74d802fafc0a1e469153a532aed2257, type: 3}
      propertyPath: onOccupied.m_PersistentCalls.m_Calls.Array.data[0].m_Target
      value: 
      objectReference: {fileID: 1149620556666646209}
    - target: {fileID: 6035070994684380553, guid: a74d802fafc0a1e469153a532aed2257, type: 3}
      propertyPath: onOccupied.m_PersistentCalls.m_Calls.Array.data[1].m_Target
      value: 
      objectReference: {fileID: 8398140929028285541}
    - target: {fileID: 6035070994684380553, guid: a74d802fafc0a1e469153a532aed2257, type: 3}
      propertyPath: onOccupied.m_PersistentCalls.m_Calls.Array.data[0].m_CallState
      value: 2
      objectReference: {fileID: 0}
    - target: {fileID: 6035070994684380553, guid: a74d802fafc0a1e469153a532aed2257, type: 3}
      propertyPath: onOccupied.m_PersistentCalls.m_Calls.Array.data[0].m_MethodName
      value: IntegerStateAdd
      objectReference: {fileID: 0}
    - target: {fileID: 6035070994684380553, guid: a74d802fafc0a1e469153a532aed2257, type: 3}
      propertyPath: onOccupied.m_PersistentCalls.m_Calls.Array.data[1].m_MethodName
      value: CheckSocketed
      objectReference: {fileID: 0}
    - target: {fileID: 6035070994684380553, guid: a74d802fafc0a1e469153a532aed2257, type: 3}
      propertyPath: onOccupied.m_PersistentCalls.m_Calls.Array.data[0].m_TargetAssemblyTypeName
      value: SandboxVRSeason2.Framework.SB_StateChecker, Assembly-CSharp
      objectReference: {fileID: 0}
    - target: {fileID: 6035070994684380553, guid: a74d802fafc0a1e469153a532aed2257, type: 3}
      propertyPath: onOccupied.m_PersistentCalls.m_Calls.Array.data[1].m_TargetAssemblyTypeName
      value: ObjectIDChecker, Assembly-CSharp
      objectReference: {fileID: 0}
    - target: {fileID: 6035070994684380553, guid: a74d802fafc0a1e469153a532aed2257, type: 3}
      propertyPath: slotList.Array.data[0].onSlotOccupied.m_PersistentCalls.m_Calls.Array.data[0].m_Target
      value: 
      objectReference: {fileID: 0}
    - target: {fileID: 6035070994684380553, guid: a74d802fafc0a1e469153a532aed2257, type: 3}
      propertyPath: slotList.Array.data[0].onSlotUnoccupied.m_PersistentCalls.m_Calls.Array.data[0].m_Target
      value: 
      objectReference: {fileID: 0}
    - target: {fileID: 6035070994684380553, guid: a74d802fafc0a1e469153a532aed2257, type: 3}
      propertyPath: onOccupied.m_PersistentCalls.m_Calls.Array.data[0].m_Arguments.m_ObjectArgumentAssemblyTypeName
      value: UnityEngine.Object, UnityEngine
      objectReference: {fileID: 0}
    - target: {fileID: 6035070994684380553, guid: a74d802fafc0a1e469153a532aed2257, type: 3}
      propertyPath: onOccupied.m_PersistentCalls.m_Calls.Array.data[1].m_Arguments.m_ObjectArgumentAssemblyTypeName
      value: UnityEngine.Object, UnityEngine
      objectReference: {fileID: 0}
    - target: {fileID: 6114466250589582108, guid: a74d802fafc0a1e469153a532aed2257, type: 3}
      propertyPath: m_AnchorMax.y
      value: 0
      objectReference: {fileID: 0}
    - target: {fileID: 6114466250589582108, guid: a74d802fafc0a1e469153a532aed2257, type: 3}
      propertyPath: m_AnchorMin.y
      value: 0
      objectReference: {fileID: 0}
    - target: {fileID: 6114466250589582108, guid: a74d802fafc0a1e469153a532aed2257, type: 3}
      propertyPath: m_AnchoredPosition.x
      value: 0
      objectReference: {fileID: 0}
    - target: {fileID: 6114466250589582108, guid: a74d802fafc0a1e469153a532aed2257, type: 3}
      propertyPath: m_AnchoredPosition.y
      value: 0
      objectReference: {fileID: 0}
    - target: {fileID: 6154073658440744441, guid: a74d802fafc0a1e469153a532aed2257, type: 3}
      propertyPath: m_AnchorMax.y
      value: 0
      objectReference: {fileID: 0}
    - target: {fileID: 6154073658440744441, guid: a74d802fafc0a1e469153a532aed2257, type: 3}
      propertyPath: m_AnchorMin.y
      value: 0
      objectReference: {fileID: 0}
    - target: {fileID: 6154073658440744441, guid: a74d802fafc0a1e469153a532aed2257, type: 3}
      propertyPath: m_AnchoredPosition.x
      value: 0
      objectReference: {fileID: 0}
    - target: {fileID: 6154073658440744441, guid: a74d802fafc0a1e469153a532aed2257, type: 3}
      propertyPath: m_AnchoredPosition.y
      value: 0
      objectReference: {fileID: 0}
    - target: {fileID: 6227147422086465467, guid: a74d802fafc0a1e469153a532aed2257, type: 3}
      propertyPath: m_AnchoredPosition.y
      value: 7086737
      objectReference: {fileID: 0}
    - target: {fileID: 6485098970787159289, guid: a74d802fafc0a1e469153a532aed2257, type: 3}
      propertyPath: serializationData.Prefab
      value: 
      objectReference: {fileID: 6485098970787159289, guid: a74d802fafc0a1e469153a532aed2257, type: 3}
    - target: {fileID: 7238879784360180145, guid: a74d802fafc0a1e469153a532aed2257, type: 3}
      propertyPath: serializationData.Prefab
      value: 
      objectReference: {fileID: 7238879784360180145, guid: a74d802fafc0a1e469153a532aed2257, type: 3}
    - target: {fileID: 7238879784360180157, guid: a74d802fafc0a1e469153a532aed2257, type: 3}
      propertyPath: sceneViewId
      value: 0
      objectReference: {fileID: 0}
    - target: {fileID: 7238879784461698608, guid: a74d802fafc0a1e469153a532aed2257, type: 3}
      propertyPath: sceneViewId
      value: 0
      objectReference: {fileID: 0}
    - target: {fileID: 7238879784461698612, guid: a74d802fafc0a1e469153a532aed2257, type: 3}
      propertyPath: serializationData.Prefab
      value: 
      objectReference: {fileID: 7238879784461698612, guid: a74d802fafc0a1e469153a532aed2257, type: 3}
    - target: {fileID: 7238879784533881792, guid: a74d802fafc0a1e469153a532aed2257, type: 3}
      propertyPath: serializationData.Prefab
      value: 
      objectReference: {fileID: 7238879784533881792, guid: a74d802fafc0a1e469153a532aed2257, type: 3}
    - target: {fileID: 7238879784533881804, guid: a74d802fafc0a1e469153a532aed2257, type: 3}
      propertyPath: sceneViewId
      value: 0
      objectReference: {fileID: 0}
    - target: {fileID: 7238879784653246050, guid: a74d802fafc0a1e469153a532aed2257, type: 3}
      propertyPath: sceneViewId
      value: 0
      objectReference: {fileID: 0}
    - target: {fileID: 7238879784653246054, guid: a74d802fafc0a1e469153a532aed2257, type: 3}
      propertyPath: serializationData.Prefab
      value: 
      objectReference: {fileID: 7238879784653246054, guid: a74d802fafc0a1e469153a532aed2257, type: 3}
    - target: {fileID: 7238879784692982577, guid: a74d802fafc0a1e469153a532aed2257, type: 3}
      propertyPath: sceneViewId
      value: 0
      objectReference: {fileID: 0}
    - target: {fileID: 7238879784692982581, guid: a74d802fafc0a1e469153a532aed2257, type: 3}
      propertyPath: serializationData.Prefab
      value: 
      objectReference: {fileID: 7238879784692982581, guid: a74d802fafc0a1e469153a532aed2257, type: 3}
    - target: {fileID: 7238879784766431956, guid: a74d802fafc0a1e469153a532aed2257, type: 3}
      propertyPath: sceneViewId
      value: 0
      objectReference: {fileID: 0}
    - target: {fileID: 7238879784766431976, guid: a74d802fafc0a1e469153a532aed2257, type: 3}
      propertyPath: serializationData.Prefab
      value: 
      objectReference: {fileID: 7238879784766431976, guid: a74d802fafc0a1e469153a532aed2257, type: 3}
    - target: {fileID: 7238879784769955228, guid: a74d802fafc0a1e469153a532aed2257, type: 3}
      propertyPath: sceneViewId
      value: 0
      objectReference: {fileID: 0}
    - target: {fileID: 7238879784769955231, guid: a74d802fafc0a1e469153a532aed2257, type: 3}
      propertyPath: serializationData.Prefab
      value: 
      objectReference: {fileID: 7238879784769955231, guid: a74d802fafc0a1e469153a532aed2257, type: 3}
    - target: {fileID: 7238879784838489364, guid: a74d802fafc0a1e469153a532aed2257, type: 3}
      propertyPath: sceneViewId
      value: 0
      objectReference: {fileID: 0}
    - target: {fileID: 7238879784838489367, guid: a74d802fafc0a1e469153a532aed2257, type: 3}
      propertyPath: serializationData.Prefab
      value: 
      objectReference: {fileID: 7238879784838489367, guid: a74d802fafc0a1e469153a532aed2257, type: 3}
    - target: {fileID: 7238879784892748214, guid: a74d802fafc0a1e469153a532aed2257, type: 3}
      propertyPath: sceneViewId
      value: 0
      objectReference: {fileID: 0}
    - target: {fileID: 7238879784892748234, guid: a74d802fafc0a1e469153a532aed2257, type: 3}
      propertyPath: serializationData.Prefab
      value: 
      objectReference: {fileID: 7238879784892748234, guid: a74d802fafc0a1e469153a532aed2257, type: 3}
    - target: {fileID: 7238879784896208288, guid: a74d802fafc0a1e469153a532aed2257, type: 3}
      propertyPath: sceneViewId
      value: 0
      objectReference: {fileID: 0}
    - target: {fileID: 7238879784896208292, guid: a74d802fafc0a1e469153a532aed2257, type: 3}
      propertyPath: serializationData.Prefab
      value: 
      objectReference: {fileID: 7238879784896208292, guid: a74d802fafc0a1e469153a532aed2257, type: 3}
    - target: {fileID: 7238879785094815440, guid: a74d802fafc0a1e469153a532aed2257, type: 3}
      propertyPath: sceneViewId
      value: 0
      objectReference: {fileID: 0}
    - target: {fileID: 7238879785094815444, guid: a74d802fafc0a1e469153a532aed2257, type: 3}
      propertyPath: serializationData.Prefab
      value: 
      objectReference: {fileID: 7238879785094815444, guid: a74d802fafc0a1e469153a532aed2257, type: 3}
    - target: {fileID: 7238879785094989206, guid: a74d802fafc0a1e469153a532aed2257, type: 3}
      propertyPath: sceneViewId
      value: 0
      objectReference: {fileID: 0}
    - target: {fileID: 7238879785094989225, guid: a74d802fafc0a1e469153a532aed2257, type: 3}
      propertyPath: serializationData.Prefab
      value: 
      objectReference: {fileID: 7238879785094989225, guid: a74d802fafc0a1e469153a532aed2257, type: 3}
    - target: {fileID: 7238879785095398612, guid: a74d802fafc0a1e469153a532aed2257, type: 3}
      propertyPath: sceneViewId
      value: 0
      objectReference: {fileID: 0}
    - target: {fileID: 7238879785095398632, guid: a74d802fafc0a1e469153a532aed2257, type: 3}
      propertyPath: serializationData.Prefab
      value: 
      objectReference: {fileID: 7238879785095398632, guid: a74d802fafc0a1e469153a532aed2257, type: 3}
    - target: {fileID: 7238879785142011431, guid: a74d802fafc0a1e469153a532aed2257, type: 3}
      propertyPath: sceneViewId
      value: 0
      objectReference: {fileID: 0}
    - target: {fileID: 7238879785142011451, guid: a74d802fafc0a1e469153a532aed2257, type: 3}
      propertyPath: serializationData.Prefab
      value: 
      objectReference: {fileID: 7238879785142011451, guid: a74d802fafc0a1e469153a532aed2257, type: 3}
    - target: {fileID: 7238879785176092883, guid: a74d802fafc0a1e469153a532aed2257, type: 3}
      propertyPath: sceneViewId
      value: 0
      objectReference: {fileID: 0}
    - target: {fileID: 7238879785176092887, guid: a74d802fafc0a1e469153a532aed2257, type: 3}
      propertyPath: serializationData.Prefab
      value: 
      objectReference: {fileID: 7238879785176092887, guid: a74d802fafc0a1e469153a532aed2257, type: 3}
    - target: {fileID: 7238879785265129076, guid: a74d802fafc0a1e469153a532aed2257, type: 3}
      propertyPath: sceneViewId
      value: 0
      objectReference: {fileID: 0}
    - target: {fileID: 7238879785265129079, guid: a74d802fafc0a1e469153a532aed2257, type: 3}
      propertyPath: serializationData.Prefab
      value: 
      objectReference: {fileID: 7238879785265129079, guid: a74d802fafc0a1e469153a532aed2257, type: 3}
    - target: {fileID: 7238879785271320000, guid: a74d802fafc0a1e469153a532aed2257, type: 3}
      propertyPath: polaroidSB_SOCKET
      value: 
      objectReference: {fileID: 1919166582696966939}
    - target: {fileID: 7238879785275329536, guid: a74d802fafc0a1e469153a532aed2257, type: 3}
      propertyPath: sceneViewId
      value: 0
      objectReference: {fileID: 0}
    - target: {fileID: 7238879785275329540, guid: a74d802fafc0a1e469153a532aed2257, type: 3}
      propertyPath: serializationData.Prefab
      value: 
      objectReference: {fileID: 7238879785275329540, guid: a74d802fafc0a1e469153a532aed2257, type: 3}
    - target: {fileID: 7238879785535264483, guid: a74d802fafc0a1e469153a532aed2257, type: 3}
      propertyPath: serializationData.Prefab
      value: 
      objectReference: {fileID: 7238879785535264483, guid: a74d802fafc0a1e469153a532aed2257, type: 3}
    - target: {fileID: 7238879785535264495, guid: a74d802fafc0a1e469153a532aed2257, type: 3}
      propertyPath: sceneViewId
      value: 0
      objectReference: {fileID: 0}
    - target: {fileID: 7238879785538918088, guid: a74d802fafc0a1e469153a532aed2257, type: 3}
      propertyPath: sceneViewId
      value: 0
      objectReference: {fileID: 0}
    - target: {fileID: 7238879785538918092, guid: a74d802fafc0a1e469153a532aed2257, type: 3}
      propertyPath: serializationData.Prefab
      value: 
      objectReference: {fileID: 7238879785538918092, guid: a74d802fafc0a1e469153a532aed2257, type: 3}
    - target: {fileID: 7238879785541737730, guid: a74d802fafc0a1e469153a532aed2257, type: 3}
      propertyPath: serializationData.Prefab
      value: 
      objectReference: {fileID: 7238879785541737730, guid: a74d802fafc0a1e469153a532aed2257, type: 3}
    - target: {fileID: 7238879785541737742, guid: a74d802fafc0a1e469153a532aed2257, type: 3}
      propertyPath: sceneViewId
      value: 0
      objectReference: {fileID: 0}
    - target: {fileID: 7238879785630508096, guid: a74d802fafc0a1e469153a532aed2257, type: 3}
      propertyPath: sceneViewId
      value: 0
      objectReference: {fileID: 0}
    - target: {fileID: 7238879785630508100, guid: a74d802fafc0a1e469153a532aed2257, type: 3}
      propertyPath: serializationData.Prefab
      value: 
      objectReference: {fileID: 7238879785630508100, guid: a74d802fafc0a1e469153a532aed2257, type: 3}
    - target: {fileID: 7238879785701461303, guid: a74d802fafc0a1e469153a532aed2257, type: 3}
      propertyPath: sceneViewId
      value: 0
      objectReference: {fileID: 0}
    - target: {fileID: 7238879785701461323, guid: a74d802fafc0a1e469153a532aed2257, type: 3}
      propertyPath: serializationData.Prefab
      value: 
      objectReference: {fileID: 7238879785701461323, guid: a74d802fafc0a1e469153a532aed2257, type: 3}
    - target: {fileID: 7238879785885082331, guid: a74d802fafc0a1e469153a532aed2257, type: 3}
      propertyPath: sceneViewId
      value: 0
      objectReference: {fileID: 0}
    - target: {fileID: 7238879785885082335, guid: a74d802fafc0a1e469153a532aed2257, type: 3}
      propertyPath: serializationData.Prefab
      value: 
      objectReference: {fileID: 7238879785885082335, guid: a74d802fafc0a1e469153a532aed2257, type: 3}
    - target: {fileID: 7238879785930984823, guid: a74d802fafc0a1e469153a532aed2257, type: 3}
      propertyPath: m_IsActive
      value: 0
      objectReference: {fileID: 0}
    - target: {fileID: 7238879785959520997, guid: a74d802fafc0a1e469153a532aed2257, type: 3}
      propertyPath: sceneViewId
      value: 0
      objectReference: {fileID: 0}
    - target: {fileID: 7238879785959521017, guid: a74d802fafc0a1e469153a532aed2257, type: 3}
      propertyPath: serializationData.Prefab
      value: 
      objectReference: {fileID: 7238879785959521017, guid: a74d802fafc0a1e469153a532aed2257, type: 3}
    - target: {fileID: 7238879785992349882, guid: a74d802fafc0a1e469153a532aed2257, type: 3}
      propertyPath: sceneViewId
      value: 0
      objectReference: {fileID: 0}
    - target: {fileID: 7238879785992349886, guid: a74d802fafc0a1e469153a532aed2257, type: 3}
      propertyPath: serializationData.Prefab
      value: 
      objectReference: {fileID: 7238879785992349886, guid: a74d802fafc0a1e469153a532aed2257, type: 3}
    - target: {fileID: 7238879786026677045, guid: a74d802fafc0a1e469153a532aed2257, type: 3}
      propertyPath: sceneViewId
      value: 0
      objectReference: {fileID: 0}
    - target: {fileID: 7238879786026677064, guid: a74d802fafc0a1e469153a532aed2257, type: 3}
      propertyPath: serializationData.Prefab
      value: 
      objectReference: {fileID: 7238879786026677064, guid: a74d802fafc0a1e469153a532aed2257, type: 3}
    - target: {fileID: 7238879786316281633, guid: a74d802fafc0a1e469153a532aed2257, type: 3}
      propertyPath: serializationData.Prefab
      value: 
      objectReference: {fileID: 7238879786316281633, guid: a74d802fafc0a1e469153a532aed2257, type: 3}
    - target: {fileID: 7238879786316281645, guid: a74d802fafc0a1e469153a532aed2257, type: 3}
      propertyPath: sceneViewId
      value: 0
      objectReference: {fileID: 0}
    - target: {fileID: 7238879786370547259, guid: a74d802fafc0a1e469153a532aed2257, type: 3}
      propertyPath: sceneViewId
      value: 0
      objectReference: {fileID: 0}
    - target: {fileID: 7238879786370547263, guid: a74d802fafc0a1e469153a532aed2257, type: 3}
      propertyPath: serializationData.Prefab
      value: 
      objectReference: {fileID: 7238879786370547263, guid: a74d802fafc0a1e469153a532aed2257, type: 3}
    - target: {fileID: 7245946227805862013, guid: a74d802fafc0a1e469153a532aed2257, type: 3}
      propertyPath: serializationData.Prefab
      value: 
      objectReference: {fileID: 7245946227805862013, guid: a74d802fafc0a1e469153a532aed2257, type: 3}
    - target: {fileID: 7347036303767857565, guid: a74d802fafc0a1e469153a532aed2257, type: 3}
      propertyPath: serializationData.Prefab
      value: 
      objectReference: {fileID: 7347036303767857565, guid: a74d802fafc0a1e469153a532aed2257, type: 3}
    - target: {fileID: 7353243625999576224, guid: a74d802fafc0a1e469153a532aed2257, type: 3}
      propertyPath: serializationData.Prefab
      value: 
      objectReference: {fileID: 7353243625999576224, guid: a74d802fafc0a1e469153a532aed2257, type: 3}
    - target: {fileID: 7875976385667992061, guid: a74d802fafc0a1e469153a532aed2257, type: 3}
      propertyPath: sceneViewId
      value: 0
      objectReference: {fileID: 0}
    - target: {fileID: 7973241041962702805, guid: a74d802fafc0a1e469153a532aed2257, type: 3}
      propertyPath: serializationData.Prefab
      value: 
      objectReference: {fileID: 7973241041962702805, guid: a74d802fafc0a1e469153a532aed2257, type: 3}
    - target: {fileID: 7973241041962702805, guid: a74d802fafc0a1e469153a532aed2257, type: 3}
      propertyPath: slotList.Array.data[0].profile
      value: 
      objectReference: {fileID: 11400000, guid: 05819fe4c1f318c4c94392ff837a53fd, type: 2}
    - target: {fileID: 7973241041962702805, guid: a74d802fafc0a1e469153a532aed2257, type: 3}
      propertyPath: onOccupied.m_PersistentCalls.m_Calls.Array.size
      value: 2
      objectReference: {fileID: 0}
    - target: {fileID: 7973241041962702805, guid: a74d802fafc0a1e469153a532aed2257, type: 3}
      propertyPath: onOccupied.m_PersistentCalls.m_Calls.Array.data[0].m_Mode
      value: 3
      objectReference: {fileID: 0}
    - target: {fileID: 7973241041962702805, guid: a74d802fafc0a1e469153a532aed2257, type: 3}
      propertyPath: onOccupied.m_PersistentCalls.m_Calls.Array.data[1].m_Mode
      value: 1
      objectReference: {fileID: 0}
    - target: {fileID: 7973241041962702805, guid: a74d802fafc0a1e469153a532aed2257, type: 3}
      propertyPath: onOccupied.m_PersistentCalls.m_Calls.Array.data[0].m_Target
      value: 
      objectReference: {fileID: 1149620556666646209}
    - target: {fileID: 7973241041962702805, guid: a74d802fafc0a1e469153a532aed2257, type: 3}
      propertyPath: onOccupied.m_PersistentCalls.m_Calls.Array.data[1].m_Target
      value: 
      objectReference: {fileID: 4679209469550922827}
    - target: {fileID: 7973241041962702805, guid: a74d802fafc0a1e469153a532aed2257, type: 3}
      propertyPath: onOccupied.m_PersistentCalls.m_Calls.Array.data[0].m_CallState
      value: 2
      objectReference: {fileID: 0}
    - target: {fileID: 7973241041962702805, guid: a74d802fafc0a1e469153a532aed2257, type: 3}
      propertyPath: onOccupied.m_PersistentCalls.m_Calls.Array.data[0].m_MethodName
      value: IntegerStateAdd
      objectReference: {fileID: 0}
    - target: {fileID: 7973241041962702805, guid: a74d802fafc0a1e469153a532aed2257, type: 3}
      propertyPath: onOccupied.m_PersistentCalls.m_Calls.Array.data[1].m_MethodName
      value: CheckSocketed
      objectReference: {fileID: 0}
    - target: {fileID: 7973241041962702805, guid: a74d802fafc0a1e469153a532aed2257, type: 3}
      propertyPath: onOccupied.m_PersistentCalls.m_Calls.Array.data[0].m_TargetAssemblyTypeName
      value: SandboxVRSeason2.Framework.SB_StateChecker, Assembly-CSharp
      objectReference: {fileID: 0}
    - target: {fileID: 7973241041962702805, guid: a74d802fafc0a1e469153a532aed2257, type: 3}
      propertyPath: onOccupied.m_PersistentCalls.m_Calls.Array.data[1].m_TargetAssemblyTypeName
      value: ObjectIDChecker, Assembly-CSharp
      objectReference: {fileID: 0}
    - target: {fileID: 7973241041962702805, guid: a74d802fafc0a1e469153a532aed2257, type: 3}
      propertyPath: slotList.Array.data[0].onSlotOccupied.m_PersistentCalls.m_Calls.Array.data[0].m_Target
      value: 
      objectReference: {fileID: 0}
    - target: {fileID: 7973241041962702805, guid: a74d802fafc0a1e469153a532aed2257, type: 3}
      propertyPath: slotList.Array.data[0].onSlotUnoccupied.m_PersistentCalls.m_Calls.Array.data[0].m_Target
      value: 
      objectReference: {fileID: 0}
    - target: {fileID: 7973241041962702805, guid: a74d802fafc0a1e469153a532aed2257, type: 3}
      propertyPath: onOccupied.m_PersistentCalls.m_Calls.Array.data[0].m_Arguments.m_ObjectArgumentAssemblyTypeName
      value: UnityEngine.Object, UnityEngine
      objectReference: {fileID: 0}
    - target: {fileID: 7973241041962702805, guid: a74d802fafc0a1e469153a532aed2257, type: 3}
      propertyPath: onOccupied.m_PersistentCalls.m_Calls.Array.data[1].m_Arguments.m_ObjectArgumentAssemblyTypeName
      value: UnityEngine.Object, UnityEngine
      objectReference: {fileID: 0}
    - target: {fileID: 7988382324061671821, guid: a74d802fafc0a1e469153a532aed2257, type: 3}
      propertyPath: serializationData.Prefab
      value: 
      objectReference: {fileID: 7988382324061671821, guid: a74d802fafc0a1e469153a532aed2257, type: 3}
    - target: {fileID: 7988382324061671821, guid: a74d802fafc0a1e469153a532aed2257, type: 3}
      propertyPath: slotList.Array.data[0].profile
      value: 
      objectReference: {fileID: 11400000, guid: 05819fe4c1f318c4c94392ff837a53fd, type: 2}
    - target: {fileID: 7988382324061671821, guid: a74d802fafc0a1e469153a532aed2257, type: 3}
      propertyPath: onOccupied.m_PersistentCalls.m_Calls.Array.size
      value: 2
      objectReference: {fileID: 0}
    - target: {fileID: 7988382324061671821, guid: a74d802fafc0a1e469153a532aed2257, type: 3}
      propertyPath: onOccupied.m_PersistentCalls.m_Calls.Array.data[0].m_Mode
      value: 3
      objectReference: {fileID: 0}
    - target: {fileID: 7988382324061671821, guid: a74d802fafc0a1e469153a532aed2257, type: 3}
      propertyPath: onOccupied.m_PersistentCalls.m_Calls.Array.data[1].m_Mode
      value: 1
      objectReference: {fileID: 0}
    - target: {fileID: 7988382324061671821, guid: a74d802fafc0a1e469153a532aed2257, type: 3}
      propertyPath: onOccupied.m_PersistentCalls.m_Calls.Array.data[0].m_Target
      value: 
      objectReference: {fileID: 1149620556666646209}
    - target: {fileID: 7988382324061671821, guid: a74d802fafc0a1e469153a532aed2257, type: 3}
      propertyPath: onOccupied.m_PersistentCalls.m_Calls.Array.data[1].m_Target
      value: 
      objectReference: {fileID: 7311756190970006502}
    - target: {fileID: 7988382324061671821, guid: a74d802fafc0a1e469153a532aed2257, type: 3}
      propertyPath: onOccupied.m_PersistentCalls.m_Calls.Array.data[0].m_CallState
      value: 2
      objectReference: {fileID: 0}
    - target: {fileID: 7988382324061671821, guid: a74d802fafc0a1e469153a532aed2257, type: 3}
      propertyPath: onOccupied.m_PersistentCalls.m_Calls.Array.data[0].m_MethodName
      value: IntegerStateAdd
      objectReference: {fileID: 0}
    - target: {fileID: 7988382324061671821, guid: a74d802fafc0a1e469153a532aed2257, type: 3}
      propertyPath: onOccupied.m_PersistentCalls.m_Calls.Array.data[1].m_MethodName
      value: CheckSocketed
      objectReference: {fileID: 0}
    - target: {fileID: 7988382324061671821, guid: a74d802fafc0a1e469153a532aed2257, type: 3}
      propertyPath: onOccupied.m_PersistentCalls.m_Calls.Array.data[0].m_TargetAssemblyTypeName
      value: SandboxVRSeason2.Framework.SB_StateChecker, Assembly-CSharp
      objectReference: {fileID: 0}
    - target: {fileID: 7988382324061671821, guid: a74d802fafc0a1e469153a532aed2257, type: 3}
      propertyPath: onOccupied.m_PersistentCalls.m_Calls.Array.data[1].m_TargetAssemblyTypeName
      value: ObjectIDChecker, Assembly-CSharp
      objectReference: {fileID: 0}
    - target: {fileID: 7988382324061671821, guid: a74d802fafc0a1e469153a532aed2257, type: 3}
      propertyPath: slotList.Array.data[0].onSlotOccupied.m_PersistentCalls.m_Calls.Array.data[0].m_Target
      value: 
      objectReference: {fileID: 0}
    - target: {fileID: 7988382324061671821, guid: a74d802fafc0a1e469153a532aed2257, type: 3}
      propertyPath: slotList.Array.data[0].onSlotUnoccupied.m_PersistentCalls.m_Calls.Array.data[0].m_Target
      value: 
      objectReference: {fileID: 0}
    - target: {fileID: 7988382324061671821, guid: a74d802fafc0a1e469153a532aed2257, type: 3}
      propertyPath: onOccupied.m_PersistentCalls.m_Calls.Array.data[0].m_Arguments.m_ObjectArgumentAssemblyTypeName
      value: UnityEngine.Object, UnityEngine
      objectReference: {fileID: 0}
    - target: {fileID: 7988382324061671821, guid: a74d802fafc0a1e469153a532aed2257, type: 3}
      propertyPath: onOccupied.m_PersistentCalls.m_Calls.Array.data[1].m_Arguments.m_ObjectArgumentAssemblyTypeName
      value: UnityEngine.Object, UnityEngine
      objectReference: {fileID: 0}
    - target: {fileID: 8180632871972434625, guid: a74d802fafc0a1e469153a532aed2257, type: 3}
      propertyPath: serializationData.Prefab
      value: 
      objectReference: {fileID: 8180632871972434625, guid: a74d802fafc0a1e469153a532aed2257, type: 3}
    - target: {fileID: 8391640335372909545, guid: a74d802fafc0a1e469153a532aed2257, type: 3}
      propertyPath: serializationData.Prefab
      value: 
      objectReference: {fileID: 8391640335372909545, guid: a74d802fafc0a1e469153a532aed2257, type: 3}
    - target: {fileID: 8443767399654381592, guid: a74d802fafc0a1e469153a532aed2257, type: 3}
      propertyPath: m_Name
      value: 1 normal
      objectReference: {fileID: 0}
    - target: {fileID: 8443767399654381593, guid: a74d802fafc0a1e469153a532aed2257, type: 3}
      propertyPath: sceneViewId
      value: 0
      objectReference: {fileID: 0}
    - target: {fileID: 8443767399654381594, guid: a74d802fafc0a1e469153a532aed2257, type: 3}
      propertyPath: serializationData.Prefab
      value: 
      objectReference: {fileID: 8443767399654381594, guid: a74d802fafc0a1e469153a532aed2257, type: 3}
    - target: {fileID: 8443767399654381595, guid: a74d802fafc0a1e469153a532aed2257, type: 3}
      propertyPath: m_RootOrder
      value: 0
      objectReference: {fileID: 0}
    - target: {fileID: 8443767399654381595, guid: a74d802fafc0a1e469153a532aed2257, type: 3}
      propertyPath: m_LocalPosition.x
      value: 0
      objectReference: {fileID: 0}
    - target: {fileID: 8443767399654381595, guid: a74d802fafc0a1e469153a532aed2257, type: 3}
      propertyPath: m_LocalPosition.y
      value: 0
      objectReference: {fileID: 0}
    - target: {fileID: 8443767399654381595, guid: a74d802fafc0a1e469153a532aed2257, type: 3}
      propertyPath: m_LocalPosition.z
      value: 0
      objectReference: {fileID: 0}
    - target: {fileID: 8443767399654381595, guid: a74d802fafc0a1e469153a532aed2257, type: 3}
      propertyPath: m_LocalRotation.w
      value: 1
      objectReference: {fileID: 0}
    - target: {fileID: 8443767399654381595, guid: a74d802fafc0a1e469153a532aed2257, type: 3}
      propertyPath: m_LocalRotation.x
      value: 0
      objectReference: {fileID: 0}
    - target: {fileID: 8443767399654381595, guid: a74d802fafc0a1e469153a532aed2257, type: 3}
      propertyPath: m_LocalRotation.y
      value: 0
      objectReference: {fileID: 0}
    - target: {fileID: 8443767399654381595, guid: a74d802fafc0a1e469153a532aed2257, type: 3}
      propertyPath: m_LocalRotation.z
      value: 0
      objectReference: {fileID: 0}
    - target: {fileID: 8443767399654381595, guid: a74d802fafc0a1e469153a532aed2257, type: 3}
      propertyPath: m_LocalEulerAnglesHint.x
      value: 0
      objectReference: {fileID: 0}
    - target: {fileID: 8443767399654381595, guid: a74d802fafc0a1e469153a532aed2257, type: 3}
      propertyPath: m_LocalEulerAnglesHint.y
      value: 0
      objectReference: {fileID: 0}
    - target: {fileID: 8443767399654381595, guid: a74d802fafc0a1e469153a532aed2257, type: 3}
      propertyPath: m_LocalEulerAnglesHint.z
      value: 0
      objectReference: {fileID: 0}
    - target: {fileID: 8443767399728453444, guid: a74d802fafc0a1e469153a532aed2257, type: 3}
      propertyPath: serializationData.Prefab
      value: 
      objectReference: {fileID: 8443767399728453444, guid: a74d802fafc0a1e469153a532aed2257, type: 3}
    - target: {fileID: 8443767399728453496, guid: a74d802fafc0a1e469153a532aed2257, type: 3}
      propertyPath: sceneViewId
      value: 0
      objectReference: {fileID: 0}
    - target: {fileID: 8443767400030563475, guid: a74d802fafc0a1e469153a532aed2257, type: 3}
      propertyPath: serializationData.Prefab
      value: 
      objectReference: {fileID: 8443767400030563475, guid: a74d802fafc0a1e469153a532aed2257, type: 3}
    - target: {fileID: 8443767400030563479, guid: a74d802fafc0a1e469153a532aed2257, type: 3}
      propertyPath: sceneViewId
      value: 0
      objectReference: {fileID: 0}
    - target: {fileID: 8443767400280483783, guid: a74d802fafc0a1e469153a532aed2257, type: 3}
      propertyPath: serializationData.Prefab
      value: 
      objectReference: {fileID: 8443767400280483783, guid: a74d802fafc0a1e469153a532aed2257, type: 3}
    - target: {fileID: 8443767400280483835, guid: a74d802fafc0a1e469153a532aed2257, type: 3}
      propertyPath: sceneViewId
      value: 0
      objectReference: {fileID: 0}
    - target: {fileID: 8443767400283458561, guid: a74d802fafc0a1e469153a532aed2257, type: 3}
      propertyPath: sceneViewId
      value: 0
      objectReference: {fileID: 0}
    - target: {fileID: 8443767400283458573, guid: a74d802fafc0a1e469153a532aed2257, type: 3}
      propertyPath: serializationData.Prefab
      value: 
      objectReference: {fileID: 8443767400283458573, guid: a74d802fafc0a1e469153a532aed2257, type: 3}
    - target: {fileID: 8443767400485455883, guid: a74d802fafc0a1e469153a532aed2257, type: 3}
      propertyPath: serializationData.Prefab
      value: 
      objectReference: {fileID: 8443767400485455883, guid: a74d802fafc0a1e469153a532aed2257, type: 3}
    - target: {fileID: 8443767400559331242, guid: a74d802fafc0a1e469153a532aed2257, type: 3}
      propertyPath: serializationData.Prefab
      value: 
      objectReference: {fileID: 8443767400559331242, guid: a74d802fafc0a1e469153a532aed2257, type: 3}
    - target: {fileID: 8443767400559331246, guid: a74d802fafc0a1e469153a532aed2257, type: 3}
      propertyPath: sceneViewId
      value: 0
      objectReference: {fileID: 0}
    - target: {fileID: 8443767400967226272, guid: a74d802fafc0a1e469153a532aed2257, type: 3}
      propertyPath: serializationData.Prefab
      value: 
      objectReference: {fileID: 8443767400967226272, guid: a74d802fafc0a1e469153a532aed2257, type: 3}
    - target: {fileID: 8443767400967226276, guid: a74d802fafc0a1e469153a532aed2257, type: 3}
      propertyPath: sceneViewId
      value: 0
      objectReference: {fileID: 0}
    - target: {fileID: 8835957736177690976, guid: a74d802fafc0a1e469153a532aed2257, type: 3}
      propertyPath: sceneViewId
      value: 0
      objectReference: {fileID: 0}
    - target: {fileID: 8835957736177690980, guid: a74d802fafc0a1e469153a532aed2257, type: 3}
      propertyPath: serializationData.Prefab
      value: 
      objectReference: {fileID: 8835957736177690980, guid: a74d802fafc0a1e469153a532aed2257, type: 3}
    - target: {fileID: 8835957736190448049, guid: a74d802fafc0a1e469153a532aed2257, type: 3}
      propertyPath: serializationData.Prefab
      value: 
      objectReference: {fileID: 8835957736190448049, guid: a74d802fafc0a1e469153a532aed2257, type: 3}
    - target: {fileID: 8835957736190448053, guid: a74d802fafc0a1e469153a532aed2257, type: 3}
      propertyPath: sceneViewId
      value: 0
      objectReference: {fileID: 0}
    - target: {fileID: 8835957736232813775, guid: a74d802fafc0a1e469153a532aed2257, type: 3}
      propertyPath: serializationData.Prefab
      value: 
      objectReference: {fileID: 8835957736232813775, guid: a74d802fafc0a1e469153a532aed2257, type: 3}
    - target: {fileID: 8835957736232813808, guid: a74d802fafc0a1e469153a532aed2257, type: 3}
      propertyPath: sceneViewId
      value: 0
      objectReference: {fileID: 0}
    - target: {fileID: 8835957736287358306, guid: a74d802fafc0a1e469153a532aed2257, type: 3}
      propertyPath: serializationData.Prefab
      value: 
      objectReference: {fileID: 8835957736287358306, guid: a74d802fafc0a1e469153a532aed2257, type: 3}
    - target: {fileID: 8835957736287358310, guid: a74d802fafc0a1e469153a532aed2257, type: 3}
      propertyPath: sceneViewId
      value: 0
      objectReference: {fileID: 0}
    - target: {fileID: 8835957736436718786, guid: a74d802fafc0a1e469153a532aed2257, type: 3}
      propertyPath: serializationData.Prefab
      value: 
      objectReference: {fileID: 8835957736436718786, guid: a74d802fafc0a1e469153a532aed2257, type: 3}
    - target: {fileID: 8835957736436718790, guid: a74d802fafc0a1e469153a532aed2257, type: 3}
      propertyPath: sceneViewId
      value: 0
      objectReference: {fileID: 0}
    - target: {fileID: 8835957736523932785, guid: a74d802fafc0a1e469153a532aed2257, type: 3}
      propertyPath: serializationData.Prefab
      value: 
      objectReference: {fileID: 8835957736523932785, guid: a74d802fafc0a1e469153a532aed2257, type: 3}
    - target: {fileID: 8835957736523932786, guid: a74d802fafc0a1e469153a532aed2257, type: 3}
      propertyPath: sceneViewId
      value: 0
      objectReference: {fileID: 0}
    - target: {fileID: 8835957736618840098, guid: a74d802fafc0a1e469153a532aed2257, type: 3}
      propertyPath: serializationData.Prefab
      value: 
      objectReference: {fileID: 8835957736618840098, guid: a74d802fafc0a1e469153a532aed2257, type: 3}
    - target: {fileID: 8835957736618840110, guid: a74d802fafc0a1e469153a532aed2257, type: 3}
      propertyPath: sceneViewId
      value: 0
      objectReference: {fileID: 0}
    - target: {fileID: 8835957736829100942, guid: a74d802fafc0a1e469153a532aed2257, type: 3}
      propertyPath: serializationData.Prefab
      value: 
      objectReference: {fileID: 8835957736829100942, guid: a74d802fafc0a1e469153a532aed2257, type: 3}
    - target: {fileID: 8835957736829100978, guid: a74d802fafc0a1e469153a532aed2257, type: 3}
      propertyPath: sceneViewId
      value: 0
      objectReference: {fileID: 0}
    - target: {fileID: 8835957736929816571, guid: a74d802fafc0a1e469153a532aed2257, type: 3}
      propertyPath: sceneViewId
      value: 0
      objectReference: {fileID: 0}
    - target: {fileID: 8835957736929816575, guid: a74d802fafc0a1e469153a532aed2257, type: 3}
      propertyPath: serializationData.Prefab
      value: 
      objectReference: {fileID: 8835957736929816575, guid: a74d802fafc0a1e469153a532aed2257, type: 3}
    - target: {fileID: 8835957736968108247, guid: a74d802fafc0a1e469153a532aed2257, type: 3}
      propertyPath: serializationData.Prefab
      value: 
      objectReference: {fileID: 8835957736968108247, guid: a74d802fafc0a1e469153a532aed2257, type: 3}
    - target: {fileID: 8835957736968108251, guid: a74d802fafc0a1e469153a532aed2257, type: 3}
      propertyPath: sceneViewId
      value: 0
      objectReference: {fileID: 0}
    - target: {fileID: 8835957737461198792, guid: a74d802fafc0a1e469153a532aed2257, type: 3}
      propertyPath: serializationData.Prefab
      value: 
      objectReference: {fileID: 8835957737461198792, guid: a74d802fafc0a1e469153a532aed2257, type: 3}
    - target: {fileID: 8835957737461198836, guid: a74d802fafc0a1e469153a532aed2257, type: 3}
      propertyPath: sceneViewId
      value: 0
      objectReference: {fileID: 0}
    - target: {fileID: 8835957737561908153, guid: a74d802fafc0a1e469153a532aed2257, type: 3}
      propertyPath: serializationData.Prefab
      value: 
      objectReference: {fileID: 8835957737561908153, guid: a74d802fafc0a1e469153a532aed2257, type: 3}
    - target: {fileID: 8835957737561908157, guid: a74d802fafc0a1e469153a532aed2257, type: 3}
      propertyPath: sceneViewId
      value: 0
      objectReference: {fileID: 0}
    - target: {fileID: 8835957737599022225, guid: a74d802fafc0a1e469153a532aed2257, type: 3}
      propertyPath: serializationData.Prefab
      value: 
      objectReference: {fileID: 8835957737599022225, guid: a74d802fafc0a1e469153a532aed2257, type: 3}
    - target: {fileID: 8835957737599022237, guid: a74d802fafc0a1e469153a532aed2257, type: 3}
      propertyPath: sceneViewId
      value: 0
      objectReference: {fileID: 0}
    - target: {fileID: 8835957737787000969, guid: a74d802fafc0a1e469153a532aed2257, type: 3}
      propertyPath: serializationData.Prefab
      value: 
      objectReference: {fileID: 8835957737787000969, guid: a74d802fafc0a1e469153a532aed2257, type: 3}
    - target: {fileID: 8835957737787001014, guid: a74d802fafc0a1e469153a532aed2257, type: 3}
      propertyPath: sceneViewId
      value: 0
      objectReference: {fileID: 0}
    - target: {fileID: 8835957737840057843, guid: a74d802fafc0a1e469153a532aed2257, type: 3}
      propertyPath: sceneViewId
      value: 0
      objectReference: {fileID: 0}
    - target: {fileID: 8835957737840057847, guid: a74d802fafc0a1e469153a532aed2257, type: 3}
      propertyPath: serializationData.Prefab
      value: 
      objectReference: {fileID: 8835957737840057847, guid: a74d802fafc0a1e469153a532aed2257, type: 3}
    - target: {fileID: 8835957737844204834, guid: a74d802fafc0a1e469153a532aed2257, type: 3}
      propertyPath: serializationData.Prefab
      value: 
      objectReference: {fileID: 8835957737844204834, guid: a74d802fafc0a1e469153a532aed2257, type: 3}
    - target: {fileID: 8835957737844204838, guid: a74d802fafc0a1e469153a532aed2257, type: 3}
      propertyPath: sceneViewId
      value: 0
      objectReference: {fileID: 0}
    - target: {fileID: 8835957737942204704, guid: a74d802fafc0a1e469153a532aed2257, type: 3}
      propertyPath: sceneViewId
      value: 0
      objectReference: {fileID: 0}
    - target: {fileID: 8835957737942204708, guid: a74d802fafc0a1e469153a532aed2257, type: 3}
      propertyPath: serializationData.Prefab
      value: 
      objectReference: {fileID: 8835957737942204708, guid: a74d802fafc0a1e469153a532aed2257, type: 3}
    - target: {fileID: 8835957738043516980, guid: a74d802fafc0a1e469153a532aed2257, type: 3}
      propertyPath: sceneViewId
      value: 0
      objectReference: {fileID: 0}
    - target: {fileID: 8835957738043516983, guid: a74d802fafc0a1e469153a532aed2257, type: 3}
      propertyPath: serializationData.Prefab
      value: 
      objectReference: {fileID: 8835957738043516983, guid: a74d802fafc0a1e469153a532aed2257, type: 3}
    - target: {fileID: 8835957738120007808, guid: a74d802fafc0a1e469153a532aed2257, type: 3}
      propertyPath: sceneViewId
      value: 0
      objectReference: {fileID: 0}
    - target: {fileID: 8835957738120007812, guid: a74d802fafc0a1e469153a532aed2257, type: 3}
      propertyPath: serializationData.Prefab
      value: 
      objectReference: {fileID: 8835957738120007812, guid: a74d802fafc0a1e469153a532aed2257, type: 3}
    - target: {fileID: 8835957738139475044, guid: a74d802fafc0a1e469153a532aed2257, type: 3}
      propertyPath: serializationData.Prefab
      value: 
      objectReference: {fileID: 8835957738139475044, guid: a74d802fafc0a1e469153a532aed2257, type: 3}
    - target: {fileID: 8835957738139475048, guid: a74d802fafc0a1e469153a532aed2257, type: 3}
      propertyPath: sceneViewId
      value: 0
      objectReference: {fileID: 0}
    m_RemovedComponents:
    - {fileID: 6950537682701263861, guid: a74d802fafc0a1e469153a532aed2257, type: 3}
    - {fileID: 5153106744466636742, guid: a74d802fafc0a1e469153a532aed2257, type: 3}
    - {fileID: 2149728860285788742, guid: a74d802fafc0a1e469153a532aed2257, type: 3}
    - {fileID: 6678002764114646375, guid: a74d802fafc0a1e469153a532aed2257, type: 3}
    - {fileID: 3215634623918258787, guid: a74d802fafc0a1e469153a532aed2257, type: 3}
    - {fileID: 7875976385667992061, guid: a74d802fafc0a1e469153a532aed2257, type: 3}
    - {fileID: 3178959531802944362, guid: a74d802fafc0a1e469153a532aed2257, type: 3}
    - {fileID: 4689096555556764497, guid: a74d802fafc0a1e469153a532aed2257, type: 3}
    - {fileID: 2253388588130590290, guid: a74d802fafc0a1e469153a532aed2257, type: 3}
    - {fileID: 511027646895981724, guid: a74d802fafc0a1e469153a532aed2257, type: 3}
    - {fileID: 5159275814750284323, guid: a74d802fafc0a1e469153a532aed2257, type: 3}
    - {fileID: 3899390104929008852, guid: a74d802fafc0a1e469153a532aed2257, type: 3}
  m_SourcePrefab: {fileID: 100100000, guid: a74d802fafc0a1e469153a532aed2257, type: 3}
--- !u!114 &1149620556666646209 stripped
MonoBehaviour:
  m_CorrespondingSourceObject: {fileID: 1810610532946039377, guid: a74d802fafc0a1e469153a532aed2257, type: 3}
  m_PrefabInstance: {fileID: 1645169982202346640}
  m_PrefabAsset: {fileID: 0}
  m_GameObject: {fileID: 0}
  m_Enabled: 1
  m_EditorHideFlags: 0
  m_Script: {fileID: 11500000, guid: 93566559a64a58347b11274486337aed, type: 3}
  m_Name: 
  m_EditorClassIdentifier: 
--- !u!1 &1919166582696966939 stripped
GameObject:
  m_CorrespondingSourceObject: {fileID: 898167646967400331, guid: a74d802fafc0a1e469153a532aed2257, type: 3}
  m_PrefabInstance: {fileID: 1645169982202346640}
  m_PrefabAsset: {fileID: 0}
--- !u!114 &4679209469550922827 stripped
MonoBehaviour:
  m_CorrespondingSourceObject: {fileID: 6213618769243435227, guid: a74d802fafc0a1e469153a532aed2257, type: 3}
  m_PrefabInstance: {fileID: 1645169982202346640}
  m_PrefabAsset: {fileID: 0}
  m_GameObject: {fileID: 0}
  m_Enabled: 1
  m_EditorHideFlags: 0
  m_Script: {fileID: 11500000, guid: 5274fb3c862a75f459fc9ed3f251a605, type: 3}
  m_Name: 
  m_EditorClassIdentifier: 
--- !u!114 &7311756190970006502 stripped
MonoBehaviour:
  m_CorrespondingSourceObject: {fileID: 8335110565148604278, guid: a74d802fafc0a1e469153a532aed2257, type: 3}
  m_PrefabInstance: {fileID: 1645169982202346640}
  m_PrefabAsset: {fileID: 0}
  m_GameObject: {fileID: 0}
  m_Enabled: 1
  m_EditorHideFlags: 0
  m_Script: {fileID: 11500000, guid: 5274fb3c862a75f459fc9ed3f251a605, type: 3}
  m_Name: 
  m_EditorClassIdentifier: 
--- !u!114 &8398140929028285541 stripped
MonoBehaviour:
  m_CorrespondingSourceObject: {fileID: 7086662296602679541, guid: a74d802fafc0a1e469153a532aed2257, type: 3}
  m_PrefabInstance: {fileID: 1645169982202346640}
  m_PrefabAsset: {fileID: 0}
  m_GameObject: {fileID: 0}
  m_Enabled: 1
  m_EditorHideFlags: 0
  m_Script: {fileID: 11500000, guid: 5274fb3c862a75f459fc9ed3f251a605, type: 3}
  m_Name: 
  m_EditorClassIdentifier: 
