%YAML 1.1
%TAG !u! tag:unity3d.com,2011:
--- !u!1001 &6802316991435795920
PrefabInstance:
  m_ObjectHideFlags: 0
  serializedVersion: 2
  m_Modification:
    serializedVersion: 3
    m_TransformParent: {fileID: 0}
    m_Modifications:
    - target: {fileID: 347937559717691107, guid: ca9b01e6955d05d4e920523775c9bb5c, type: 3}
      propertyPath: m_LocalScale.x
      value: 1
      objectReference: {fileID: 0}
    - target: {fileID: 347937559717691107, guid: ca9b01e6955d05d4e920523775c9bb5c, type: 3}
      propertyPath: m_LocalScale.y
      value: 1
      objectReference: {fileID: 0}
    - target: {fileID: 347937559717691107, guid: ca9b01e6955d05d4e920523775c9bb5c, type: 3}
      propertyPath: m_LocalScale.z
      value: 1
      objectReference: {fileID: 0}
    - target: {fileID: 1409000187984805729, guid: ca9b01e6955d05d4e920523775c9bb5c, type: 3}
      propertyPath: m_TranslationOffset.x
      value: 0
      objectReference: {fileID: 0}
    - target: {fileID: 1409000187984805729, guid: ca9b01e6955d05d4e920523775c9bb5c, type: 3}
      propertyPath: m_TranslationOffset.y
      value: 0.6000001
      objectReference: {fileID: 0}
    - target: {fileID: 1409000187984805729, guid: ca9b01e6955d05d4e920523775c9bb5c, type: 3}
      propertyPath: m_TranslationOffset.z
      value: 0
      objectReference: {fileID: 0}
    - target: {fileID: 1450307922070543391, guid: ca9b01e6955d05d4e920523775c9bb5c, type: 3}
      propertyPath: m_Enabled
      value: 0
      objectReference: {fileID: 0}
    - target: {fileID: 1530785701160298051, guid: ca9b01e6955d05d4e920523775c9bb5c, type: 3}
      propertyPath: m_TranslationOffset.x
      value: 0
      objectReference: {fileID: 0}
    - target: {fileID: 1530785701160298051, guid: ca9b01e6955d05d4e920523775c9bb5c, type: 3}
      propertyPath: m_TranslationOffset.y
      value: 0.6000001
      objectReference: {fileID: 0}
    - target: {fileID: 1530785701160298051, guid: ca9b01e6955d05d4e920523775c9bb5c, type: 3}
      propertyPath: m_TranslationOffset.z
      value: 0
      objectReference: {fileID: 0}
    - target: {fileID: 1572136396883656099, guid: ca9b01e6955d05d4e920523775c9bb5c, type: 3}
      propertyPath: m_LocalScale.x
      value: -0.03
      objectReference: {fileID: 0}
    - target: {fileID: 1572136396883656099, guid: ca9b01e6955d05d4e920523775c9bb5c, type: 3}
      propertyPath: m_LocalScale.y
      value: 0.03
      objectReference: {fileID: 0}
    - target: {fileID: 1572136396883656099, guid: ca9b01e6955d05d4e920523775c9bb5c, type: 3}
      propertyPath: m_LocalScale.z
      value: 2
      objectReference: {fileID: 0}
    - target: {fileID: 2248707640137039699, guid: ca9b01e6955d05d4e920523775c9bb5c, type: 3}
      propertyPath: m_Enabled
      value: 0
      objectReference: {fileID: 0}
    - target: {fileID: 2429877990269182680, guid: ca9b01e6955d05d4e920523775c9bb5c, type: 3}
      propertyPath: m_LocalScale.x
      value: 1
      objectReference: {fileID: 0}
    - target: {fileID: 2429877990269182680, guid: ca9b01e6955d05d4e920523775c9bb5c, type: 3}
      propertyPath: m_LocalScale.y
      value: 1
      objectReference: {fileID: 0}
    - target: {fileID: 2429877990269182680, guid: ca9b01e6955d05d4e920523775c9bb5c, type: 3}
      propertyPath: m_LocalScale.z
      value: 1
      objectReference: {fileID: 0}
    - target: {fileID: 2454771549883008335, guid: ca9b01e6955d05d4e920523775c9bb5c, type: 3}
      propertyPath: m_Enabled
      value: 0
      objectReference: {fileID: 0}
    - target: {fileID: 2512928910134931436, guid: ca9b01e6955d05d4e920523775c9bb5c, type: 3}
      propertyPath: m_RootOrder
      value: 0
      objectReference: {fileID: 0}
    - target: {fileID: 2512928910134931436, guid: ca9b01e6955d05d4e920523775c9bb5c, type: 3}
      propertyPath: m_LocalPosition.x
      value: 0
      objectReference: {fileID: 0}
    - target: {fileID: 2512928910134931436, guid: ca9b01e6955d05d4e920523775c9bb5c, type: 3}
      propertyPath: m_LocalPosition.y
      value: 0
      objectReference: {fileID: 0}
    - target: {fileID: 2512928910134931436, guid: ca9b01e6955d05d4e920523775c9bb5c, type: 3}
      propertyPath: m_LocalPosition.z
      value: 0
      objectReference: {fileID: 0}
    - target: {fileID: 2512928910134931436, guid: ca9b01e6955d05d4e920523775c9bb5c, type: 3}
      propertyPath: m_LocalRotation.w
      value: 1
      objectReference: {fileID: 0}
    - target: {fileID: 2512928910134931436, guid: ca9b01e6955d05d4e920523775c9bb5c, type: 3}
      propertyPath: m_LocalRotation.x
      value: 0
      objectReference: {fileID: 0}
    - target: {fileID: 2512928910134931436, guid: ca9b01e6955d05d4e920523775c9bb5c, type: 3}
      propertyPath: m_LocalRotation.y
      value: 0
      objectReference: {fileID: 0}
    - target: {fileID: 2512928910134931436, guid: ca9b01e6955d05d4e920523775c9bb5c, type: 3}
      propertyPath: m_LocalRotation.z
      value: 0
      objectReference: {fileID: 0}
    - target: {fileID: 2512928910134931436, guid: ca9b01e6955d05d4e920523775c9bb5c, type: 3}
      propertyPath: m_LocalEulerAnglesHint.x
      value: 0
      objectReference: {fileID: 0}
    - target: {fileID: 2512928910134931436, guid: ca9b01e6955d05d4e920523775c9bb5c, type: 3}
      propertyPath: m_LocalEulerAnglesHint.y
      value: 0
      objectReference: {fileID: 0}
    - target: {fileID: 2512928910134931436, guid: ca9b01e6955d05d4e920523775c9bb5c, type: 3}
      propertyPath: m_LocalEulerAnglesHint.z
      value: 0
      objectReference: {fileID: 0}
    - target: {fileID: 2976004475430304834, guid: ca9b01e6955d05d4e920523775c9bb5c, type: 3}
      propertyPath: m_LocalScale.x
      value: -0.03
      objectReference: {fileID: 0}
    - target: {fileID: 2976004475430304834, guid: ca9b01e6955d05d4e920523775c9bb5c, type: 3}
      propertyPath: m_LocalScale.y
      value: 0.03
      objectReference: {fileID: 0}
    - target: {fileID: 2976004475430304834, guid: ca9b01e6955d05d4e920523775c9bb5c, type: 3}
      propertyPath: m_LocalScale.z
      value: 2
      objectReference: {fileID: 0}
    - target: {fileID: 2976004475430304834, guid: ca9b01e6955d05d4e920523775c9bb5c, type: 3}
      propertyPath: m_LocalPosition.z
      value: 3.2419999
      objectReference: {fileID: 0}
    - target: {fileID: 2976004475430304834, guid: ca9b01e6955d05d4e920523775c9bb5c, type: 3}
      propertyPath: m_AnchoredPosition.x
      value: -8.954
      objectReference: {fileID: 0}
    - target: {fileID: 2976004475430304834, guid: ca9b01e6955d05d4e920523775c9bb5c, type: 3}
      propertyPath: m_AnchoredPosition.y
      value: 1.2160001
      objectReference: {fileID: 0}
    - target: {fileID: 3585808174589928416, guid: ca9b01e6955d05d4e920523775c9bb5c, type: 3}
      propertyPath: m_Name
      value: ChalkBoard Quiz 2 (easy)
      objectReference: {fileID: 0}
    - target: {fileID: 3683909381170306434, guid: ca9b01e6955d05d4e920523775c9bb5c, type: 3}
      propertyPath: m_LocalScale.x
      value: -0.03
      objectReference: {fileID: 0}
    - target: {fileID: 3683909381170306434, guid: ca9b01e6955d05d4e920523775c9bb5c, type: 3}
      propertyPath: m_LocalScale.y
      value: 0.03
      objectReference: {fileID: 0}
    - target: {fileID: 3683909381170306434, guid: ca9b01e6955d05d4e920523775c9bb5c, type: 3}
      propertyPath: m_LocalScale.z
      value: 2
      objectReference: {fileID: 0}
    - target: {fileID: 3683909381170306434, guid: ca9b01e6955d05d4e920523775c9bb5c, type: 3}
      propertyPath: m_LocalPosition.z
      value: 3.2419999
      objectReference: {fileID: 0}
    - target: {fileID: 3683909381170306434, guid: ca9b01e6955d05d4e920523775c9bb5c, type: 3}
      propertyPath: m_AnchoredPosition.x
      value: -9.454
      objectReference: {fileID: 0}
    - target: {fileID: 3683909381170306434, guid: ca9b01e6955d05d4e920523775c9bb5c, type: 3}
      propertyPath: m_AnchoredPosition.y
      value: 1.2160001
      objectReference: {fileID: 0}
    - target: {fileID: 4072268647979868839, guid: ca9b01e6955d05d4e920523775c9bb5c, type: 3}
      propertyPath: m_fontSizeMax
      value: 3
      objectReference: {fileID: 0}
    - target: {fileID: 4742097210965397942, guid: ca9b01e6955d05d4e920523775c9bb5c, type: 3}
      propertyPath: m_LocalScale.x
      value: -0.03
      objectReference: {fileID: 0}
    - target: {fileID: 4742097210965397942, guid: ca9b01e6955d05d4e920523775c9bb5c, type: 3}
      propertyPath: m_LocalScale.y
      value: 0.03
      objectReference: {fileID: 0}
    - target: {fileID: 4932809442948336410, guid: ca9b01e6955d05d4e920523775c9bb5c, type: 3}
      propertyPath: m_fontSizeMax
      value: 3
      objectReference: {fileID: 0}
    - target: {fileID: 5848357388684816151, guid: ca9b01e6955d05d4e920523775c9bb5c, type: 3}
      propertyPath: m_Enabled
      value: 0
      objectReference: {fileID: 0}
    - target: {fileID: 6454079350686614926, guid: ca9b01e6955d05d4e920523775c9bb5c, type: 3}
      propertyPath: m_fontSizeMax
      value: 3
      objectReference: {fileID: 0}
    - target: {fileID: 6548580788545379189, guid: ca9b01e6955d05d4e920523775c9bb5c, type: 3}
      propertyPath: m_LocalScale.x
      value: 1
      objectReference: {fileID: 0}
    - target: {fileID: 6548580788545379189, guid: ca9b01e6955d05d4e920523775c9bb5c, type: 3}
      propertyPath: m_LocalScale.y
      value: 1
      objectReference: {fileID: 0}
    - target: {fileID: 6548580788545379189, guid: ca9b01e6955d05d4e920523775c9bb5c, type: 3}
      propertyPath: m_LocalScale.z
      value: 1
      objectReference: {fileID: 0}
    - target: {fileID: 7182503782611616222, guid: ca9b01e6955d05d4e920523775c9bb5c, type: 3}
      propertyPath: m_fontSizeMax
      value: 3
      objectReference: {fileID: 0}
    - target: {fileID: 8062828711271180266, guid: ca9b01e6955d05d4e920523775c9bb5c, type: 3}
      propertyPath: serializationData.Prefab
      value: 
      objectReference: {fileID: 8062828711271180266, guid: ca9b01e6955d05d4e920523775c9bb5c, type: 3}
    - target: {fileID: 8062828711271180270, guid: ca9b01e6955d05d4e920523775c9bb5c, type: 3}
      propertyPath: sceneViewId
      value: 0
      objectReference: {fileID: 0}
    - target: {fileID: 8062828711901435959, guid: ca9b01e6955d05d4e920523775c9bb5c, type: 3}
      propertyPath: serializationData.Prefab
      value: 
      objectReference: {fileID: 8062828711901435959, guid: ca9b01e6955d05d4e920523775c9bb5c, type: 3}
    - target: {fileID: 8062828711901435963, guid: ca9b01e6955d05d4e920523775c9bb5c, type: 3}
      propertyPath: sceneViewId
      value: 0
      objectReference: {fileID: 0}
    - target: {fileID: 8062828712125473137, guid: ca9b01e6955d05d4e920523775c9bb5c, type: 3}
      propertyPath: serializationData.Prefab
      value: 
      objectReference: {fileID: 8062828712125473137, guid: ca9b01e6955d05d4e920523775c9bb5c, type: 3}
    - target: {fileID: 8062828712125473141, guid: ca9b01e6955d05d4e920523775c9bb5c, type: 3}
      propertyPath: sceneViewId
      value: 0
      objectReference: {fileID: 0}
    - target: {fileID: 8062828712267847921, guid: ca9b01e6955d05d4e920523775c9bb5c, type: 3}
      propertyPath: m_text
      value: Pak Sarto sedang sakit, ...  ia tetap bekerja
      objectReference: {fileID: 0}
    - target: {fileID: 8062828712267847921, guid: ca9b01e6955d05d4e920523775c9bb5c, type: 3}
      propertyPath: m_fontSize
      value: 21
      objectReference: {fileID: 0}
    - target: {fileID: 8062828712267847921, guid: ca9b01e6955d05d4e920523775c9bb5c, type: 3}
      propertyPath: m_fontSizeBase
      value: 21
      objectReference: {fileID: 0}
    - target: {fileID: 8062828712267847921, guid: ca9b01e6955d05d4e920523775c9bb5c, type: 3}
      propertyPath: m_enableAutoSizing
      value: 0
      objectReference: {fileID: 0}
    - target: {fileID: 8062828712329123985, guid: ca9b01e6955d05d4e920523775c9bb5c, type: 3}
      propertyPath: serializationData.Prefab
      value: 
      objectReference: {fileID: 8062828712329123985, guid: ca9b01e6955d05d4e920523775c9bb5c, type: 3}
    - target: {fileID: 8062828712329123989, guid: ca9b01e6955d05d4e920523775c9bb5c, type: 3}
      propertyPath: sceneViewId
      value: 0
      objectReference: {fileID: 0}
    - target: {fileID: 8062828712380456989, guid: ca9b01e6955d05d4e920523775c9bb5c, type: 3}
      propertyPath: m_IsTrigger
      value: 1
      objectReference: {fileID: 0}
    - target: {fileID: 8062828712380456993, guid: ca9b01e6955d05d4e920523775c9bb5c, type: 3}
      propertyPath: sceneViewId
      value: 0
      objectReference: {fileID: 0}
    - target: {fileID: 8062828712380456994, guid: ca9b01e6955d05d4e920523775c9bb5c, type: 3}
      propertyPath: serializationData.Prefab
      value: 
      objectReference: {fileID: 8062828712380456994, guid: ca9b01e6955d05d4e920523775c9bb5c, type: 3}
    - target: {fileID: 8062828712380456998, guid: ca9b01e6955d05d4e920523775c9bb5c, type: 3}
      propertyPath: m_LocalPosition.x
      value: -7.462
      objectReference: {fileID: 0}
    - target: {fileID: 8062828712380456998, guid: ca9b01e6955d05d4e920523775c9bb5c, type: 3}
      propertyPath: m_LocalPosition.y
      value: 1.448
      objectReference: {fileID: 0}
    - target: {fileID: 8062828712583845346, guid: ca9b01e6955d05d4e920523775c9bb5c, type: 3}
      propertyPath: serializationData.Prefab
      value: 
      objectReference: {fileID: 8062828712583845346, guid: ca9b01e6955d05d4e920523775c9bb5c, type: 3}
    - target: {fileID: 8062828712583845350, guid: ca9b01e6955d05d4e920523775c9bb5c, type: 3}
      propertyPath: sceneViewId
      value: 0
      objectReference: {fileID: 0}
    - target: {fileID: 8062828712663171228, guid: ca9b01e6955d05d4e920523775c9bb5c, type: 3}
      propertyPath: serializationData.Prefab
      value: 
      objectReference: {fileID: 8062828712663171228, guid: ca9b01e6955d05d4e920523775c9bb5c, type: 3}
    - target: {fileID: 8062828712663171235, guid: ca9b01e6955d05d4e920523775c9bb5c, type: 3}
      propertyPath: sceneViewId
      value: 0
      objectReference: {fileID: 0}
    - target: {fileID: 8062828712684128561, guid: ca9b01e6955d05d4e920523775c9bb5c, type: 3}
      propertyPath: serializationData.Prefab
      value: 
      objectReference: {fileID: 8062828712684128561, guid: ca9b01e6955d05d4e920523775c9bb5c, type: 3}
    - target: {fileID: 8062828712684128565, guid: ca9b01e6955d05d4e920523775c9bb5c, type: 3}
      propertyPath: sceneViewId
      value: 0
      objectReference: {fileID: 0}
    - target: {fileID: 8062828712875752580, guid: ca9b01e6955d05d4e920523775c9bb5c, type: 3}
      propertyPath: serializationData.Prefab
      value: 
      objectReference: {fileID: 8062828712875752580, guid: ca9b01e6955d05d4e920523775c9bb5c, type: 3}
    - target: {fileID: 8062828712875752584, guid: ca9b01e6955d05d4e920523775c9bb5c, type: 3}
      propertyPath: sceneViewId
      value: 0
      objectReference: {fileID: 0}
    - target: {fileID: 8062828713099707973, guid: ca9b01e6955d05d4e920523775c9bb5c, type: 3}
      propertyPath: m_LocalPosition.z
      value: 0
      objectReference: {fileID: 0}
    - target: {fileID: 8062828713099707973, guid: ca9b01e6955d05d4e920523775c9bb5c, type: 3}
      propertyPath: m_LocalRotation.w
      value: 0.9948861
      objectReference: {fileID: 0}
    - target: {fileID: 8062828713099707973, guid: ca9b01e6955d05d4e920523775c9bb5c, type: 3}
      propertyPath: m_LocalRotation.z
      value: 0.10100399
      objectReference: {fileID: 0}
    - target: {fileID: 8062828713099707973, guid: ca9b01e6955d05d4e920523775c9bb5c, type: 3}
      propertyPath: m_AnchoredPosition.x
      value: -79.7
      objectReference: {fileID: 0}
    - target: {fileID: 8062828713099707973, guid: ca9b01e6955d05d4e920523775c9bb5c, type: 3}
      propertyPath: m_AnchoredPosition.y
      value: -9.2
      objectReference: {fileID: 0}
    - target: {fileID: 8062828713099707973, guid: ca9b01e6955d05d4e920523775c9bb5c, type: 3}
      propertyPath: m_LocalEulerAnglesHint.z
      value: 11.594
      objectReference: {fileID: 0}
    - target: {fileID: 8062828713274664925, guid: ca9b01e6955d05d4e920523775c9bb5c, type: 3}
      propertyPath: serializationData.Prefab
      value: 
      objectReference: {fileID: 8062828713274664925, guid: ca9b01e6955d05d4e920523775c9bb5c, type: 3}
    - target: {fileID: 8062828713274664929, guid: ca9b01e6955d05d4e920523775c9bb5c, type: 3}
      propertyPath: sceneViewId
      value: 0
      objectReference: {fileID: 0}
    - target: {fileID: 8635371197330594375, guid: ca9b01e6955d05d4e920523775c9bb5c, type: 3}
      propertyPath: m_LocalScale.x
      value: 1
      objectReference: {fileID: 0}
    - target: {fileID: 8635371197330594375, guid: ca9b01e6955d05d4e920523775c9bb5c, type: 3}
      propertyPath: m_LocalScale.y
      value: 1
      objectReference: {fileID: 0}
    - target: {fileID: 8635371197330594375, guid: ca9b01e6955d05d4e920523775c9bb5c, type: 3}
      propertyPath: m_LocalScale.z
      value: 1
      objectReference: {fileID: 0}
    m_RemovedComponents: []
    m_RemovedGameObjects: []
    m_AddedGameObjects: []
    m_AddedComponents:
    - targetCorrespondingSourceObject: {fileID: 8062828712267847927, guid: ca9b01e6955d05d4e920523775c9bb5c, type: 3}
      insertIndex: -1
      addedObject: {fileID: 6974571718585252558}
    - targetCorrespondingSourceObject: {fileID: 8062828712894145843, guid: ca9b01e6955d05d4e920523775c9bb5c, type: 3}
      insertIndex: -1
      addedObject: {fileID: 3694551972149725433}
    - targetCorrespondingSourceObject: {fileID: 8062828711911157188, guid: ca9b01e6955d05d4e920523775c9bb5c, type: 3}
      insertIndex: -1
      addedObject: {fileID: 363397807370801668}
    - targetCorrespondingSourceObject: {fileID: 8062828713228963832, guid: ca9b01e6955d05d4e920523775c9bb5c, type: 3}
      insertIndex: -1
      addedObject: {fileID: 8853522567164439487}
    - targetCorrespondingSourceObject: {fileID: 8062828712385871215, guid: ca9b01e6955d05d4e920523775c9bb5c, type: 3}
      insertIndex: -1
      addedObject: {fileID: 4001688568646996042}
  m_SourcePrefab: {fileID: 100100000, guid: ca9b01e6955d05d4e920523775c9bb5c, type: 3}
--- !u!1 &3567489435735384616 stripped
GameObject:
  m_CorrespondingSourceObject: {fileID: 8062828713228963832, guid: ca9b01e6955d05d4e920523775c9bb5c, type: 3}
  m_PrefabInstance: {fileID: 6802316991435795920}
  m_PrefabAsset: {fileID: 0}
--- !u!114 &8853522567164439487
MonoBehaviour:
  m_ObjectHideFlags: 0
  m_CorrespondingSourceObject: {fileID: 0}
  m_PrefabInstance: {fileID: 0}
  m_PrefabAsset: {fileID: 0}
  m_GameObject: {fileID: 3567489435735384616}
  m_Enabled: 1
  m_EditorHideFlags: 0
  m_Script: {fileID: 11500000, guid: 0adeb2df4fcbd8e49904b766d9df7b00, type: 3}
  m_Name: 
  m_EditorClassIdentifier: 
  stringHolder: {fileID: 3567489435735384618}
  idString: 
  enString: 
--- !u!114 &3567489435735384618 stripped
MonoBehaviour:
  m_CorrespondingSourceObject: {fileID: 8062828713228963834, guid: ca9b01e6955d05d4e920523775c9bb5c, type: 3}
  m_PrefabInstance: {fileID: 6802316991435795920}
  m_PrefabAsset: {fileID: 0}
  m_GameObject: {fileID: 3567489435735384616}
  m_Enabled: 1
  m_EditorHideFlags: 0
  m_Script: {fileID: 11500000, guid: f4688fdb7df04437aeb418b961361dc5, type: 3}
  m_Name: 
  m_EditorClassIdentifier: 
--- !u!1 &3567489435799013603 stripped
GameObject:
  m_CorrespondingSourceObject: {fileID: 8062828712894145843, guid: ca9b01e6955d05d4e920523775c9bb5c, type: 3}
  m_PrefabInstance: {fileID: 6802316991435795920}
  m_PrefabAsset: {fileID: 0}
--- !u!114 &3694551972149725433
MonoBehaviour:
  m_ObjectHideFlags: 0
  m_CorrespondingSourceObject: {fileID: 0}
  m_PrefabInstance: {fileID: 0}
  m_PrefabAsset: {fileID: 0}
  m_GameObject: {fileID: 3567489435799013603}
  m_Enabled: 1
  m_EditorHideFlags: 0
  m_Script: {fileID: 11500000, guid: 0adeb2df4fcbd8e49904b766d9df7b00, type: 3}
  m_Name: 
  m_EditorClassIdentifier: 
  stringHolder: {fileID: 3567489435799013629}
  idString: 
  enString: 
--- !u!114 &3567489435799013629 stripped
MonoBehaviour:
  m_CorrespondingSourceObject: {fileID: 8062828712894145837, guid: ca9b01e6955d05d4e920523775c9bb5c, type: 3}
  m_PrefabInstance: {fileID: 6802316991435795920}
  m_PrefabAsset: {fileID: 0}
  m_GameObject: {fileID: 3567489435799013603}
  m_Enabled: 1
  m_EditorHideFlags: 0
  m_Script: {fileID: 11500000, guid: f4688fdb7df04437aeb418b961361dc5, type: 3}
  m_Name: 
  m_EditorClassIdentifier: 
--- !u!114 &3567489436368638137 stripped
MonoBehaviour:
  m_CorrespondingSourceObject: {fileID: 8062828712385871209, guid: ca9b01e6955d05d4e920523775c9bb5c, type: 3}
  m_PrefabInstance: {fileID: 6802316991435795920}
  m_PrefabAsset: {fileID: 0}
  m_GameObject: {fileID: 3567489436368638143}
  m_Enabled: 1
  m_EditorHideFlags: 0
  m_Script: {fileID: 11500000, guid: f4688fdb7df04437aeb418b961361dc5, type: 3}
  m_Name: 
  m_EditorClassIdentifier: 
--- !u!1 &3567489436368638143 stripped
GameObject:
  m_CorrespondingSourceObject: {fileID: 8062828712385871215, guid: ca9b01e6955d05d4e920523775c9bb5c, type: 3}
  m_PrefabInstance: {fileID: 6802316991435795920}
  m_PrefabAsset: {fileID: 0}
--- !u!114 &4001688568646996042
MonoBehaviour:
  m_ObjectHideFlags: 0
  m_CorrespondingSourceObject: {fileID: 0}
  m_PrefabInstance: {fileID: 0}
  m_PrefabAsset: {fileID: 0}
  m_GameObject: {fileID: 3567489436368638143}
  m_Enabled: 1
  m_EditorHideFlags: 0
  m_Script: {fileID: 11500000, guid: 0adeb2df4fcbd8e49904b766d9df7b00, type: 3}
  m_Name: 
  m_EditorClassIdentifier: 
  stringHolder: {fileID: 3567489436368638137}
  idString: 
  enString: 
--- !u!114 &3567489436787275041 stripped
MonoBehaviour:
  m_CorrespondingSourceObject: {fileID: 8062828712267847921, guid: ca9b01e6955d05d4e920523775c9bb5c, type: 3}
  m_PrefabInstance: {fileID: 6802316991435795920}
  m_PrefabAsset: {fileID: 0}
  m_GameObject: {fileID: 3567489436787275047}
  m_Enabled: 1
  m_EditorHideFlags: 0
  m_Script: {fileID: 11500000, guid: f4688fdb7df04437aeb418b961361dc5, type: 3}
  m_Name: 
  m_EditorClassIdentifier: 
--- !u!1 &3567489436787275047 stripped
GameObject:
  m_CorrespondingSourceObject: {fileID: 8062828712267847927, guid: ca9b01e6955d05d4e920523775c9bb5c, type: 3}
  m_PrefabInstance: {fileID: 6802316991435795920}
  m_PrefabAsset: {fileID: 0}
--- !u!114 &6974571718585252558
MonoBehaviour:
  m_ObjectHideFlags: 0
  m_CorrespondingSourceObject: {fileID: 0}
  m_PrefabInstance: {fileID: 0}
  m_PrefabAsset: {fileID: 0}
  m_GameObject: {fileID: 3567489436787275047}
  m_Enabled: 1
  m_EditorHideFlags: 0
  m_Script: {fileID: 11500000, guid: 0adeb2df4fcbd8e49904b766d9df7b00, type: 3}
  m_Name: 
  m_EditorClassIdentifier: 
  stringHolder: {fileID: 3567489436787275041}
  idString: Pak Sarto sedang sakit, ...  ia tetap bekerja
  enString: "Mr. Sarto is sick, \n   ... he is still working"
--- !u!1 &3567489437101883412 stripped
GameObject:
  m_CorrespondingSourceObject: {fileID: 8062828711911157188, guid: ca9b01e6955d05d4e920523775c9bb5c, type: 3}
  m_PrefabInstance: {fileID: 6802316991435795920}
  m_PrefabAsset: {fileID: 0}
--- !u!114 &363397807370801668
MonoBehaviour:
  m_ObjectHideFlags: 0
  m_CorrespondingSourceObject: {fileID: 0}
  m_PrefabInstance: {fileID: 0}
  m_PrefabAsset: {fileID: 0}
  m_GameObject: {fileID: 3567489437101883412}
  m_Enabled: 1
  m_EditorHideFlags: 0
  m_Script: {fileID: 11500000, guid: 0adeb2df4fcbd8e49904b766d9df7b00, type: 3}
  m_Name: 
  m_EditorClassIdentifier: 
  stringHolder: {fileID: 3567489437101883414}
  idString: 
  enString: 
--- !u!114 &3567489437101883414 stripped
MonoBehaviour:
  m_CorrespondingSourceObject: {fileID: 8062828711911157190, guid: ca9b01e6955d05d4e920523775c9bb5c, type: 3}
  m_PrefabInstance: {fileID: 6802316991435795920}
  m_PrefabAsset: {fileID: 0}
  m_GameObject: {fileID: 3567489437101883412}
  m_Enabled: 1
  m_EditorHideFlags: 0
  m_Script: {fileID: 11500000, guid: f4688fdb7df04437aeb418b961361dc5, type: 3}
  m_Name: 
  m_EditorClassIdentifier: 
