%YAML 1.1
%TAG !u! tag:unity3d.com,2011:
--- !u!1 &146396456546411846
GameObject:
  m_ObjectHideFlags: 0
  m_CorrespondingSourceObject: {fileID: 0}
  m_PrefabInstance: {fileID: 0}
  m_PrefabAsset: {fileID: 0}
  serializedVersion: 6
  m_Component:
  - component: {fileID: 4899094644933060659}
  - component: {fileID: 4817818629163229324}
  - component: {fileID: 4970311590445081042}
  m_Layer: 5
  m_Name: Image
  m_TagString: Untagged
  m_Icon: {fileID: 0}
  m_NavMeshLayer: 0
  m_StaticEditorFlags: 0
  m_IsActive: 1
--- !u!224 &4899094644933060659
RectTransform:
  m_ObjectHideFlags: 0
  m_CorrespondingSourceObject: {fileID: 0}
  m_PrefabInstance: {fileID: 0}
  m_PrefabAsset: {fileID: 0}
  m_GameObject: {fileID: 146396456546411846}
  m_LocalRotation: {x: 0, y: 0, z: 0, w: 1}
  m_LocalPosition: {x: 0, y: 0, z: 0}
  m_LocalScale: {x: 1, y: 1, z: 1}
  m_ConstrainProportionsScale: 0
  m_Children: []
  m_Father: {fileID: 8167205456260307133}
  m_RootOrder: 0
  m_LocalEulerAnglesHint: {x: 0, y: 0, z: 0}
  m_AnchorMin: {x: 0.5, y: 0.5}
  m_AnchorMax: {x: 0.5, y: 0.5}
  m_AnchoredPosition: {x: 0, y: 0}
  m_SizeDelta: {x: 10.466666, y: 11.833333}
  m_Pivot: {x: 0.5, y: 0.5}
--- !u!222 &4817818629163229324
CanvasRenderer:
  m_ObjectHideFlags: 0
  m_CorrespondingSourceObject: {fileID: 0}
  m_PrefabInstance: {fileID: 0}
  m_PrefabAsset: {fileID: 0}
  m_GameObject: {fileID: 146396456546411846}
  m_CullTransparentMesh: 1
--- !u!114 &4970311590445081042
MonoBehaviour:
  m_ObjectHideFlags: 0
  m_CorrespondingSourceObject: {fileID: 0}
  m_PrefabInstance: {fileID: 0}
  m_PrefabAsset: {fileID: 0}
  m_GameObject: {fileID: 146396456546411846}
  m_Enabled: 1
  m_EditorHideFlags: 0
  m_Script: {fileID: 11500000, guid: fe87c0e1cc204ed48ad3b37840f39efc, type: 3}
  m_Name: 
  m_EditorClassIdentifier: 
  m_Material: {fileID: 0}
  m_Color: {r: 1, g: 1, b: 1, a: 1}
  m_RaycastTarget: 1
  m_RaycastPadding: {x: 0, y: 0, z: 0, w: 0}
  m_Maskable: 1
  m_OnCullStateChanged:
    m_PersistentCalls:
      m_Calls: []
  m_Sprite: {fileID: 21300000, guid: 71d5a6c19d1bc6443a76925753df4188, type: 3}
  m_Type: 0
  m_PreserveAspect: 0
  m_FillCenter: 1
  m_FillMethod: 4
  m_FillAmount: 1
  m_FillClockwise: 1
  m_FillOrigin: 0
  m_UseSpriteMesh: 0
  m_PixelsPerUnitMultiplier: 1
--- !u!1 &995750789146056003
GameObject:
  m_ObjectHideFlags: 0
  m_CorrespondingSourceObject: {fileID: 0}
  m_PrefabInstance: {fileID: 0}
  m_PrefabAsset: {fileID: 0}
  serializedVersion: 6
  m_Component:
  - component: {fileID: 9123910416899218510}
  - component: {fileID: 64083324944994723}
  - component: {fileID: 4677880174079377028}
  m_Layer: 5
  m_Name: Image
  m_TagString: Untagged
  m_Icon: {fileID: 0}
  m_NavMeshLayer: 0
  m_StaticEditorFlags: 0
  m_IsActive: 1
--- !u!224 &9123910416899218510
RectTransform:
  m_ObjectHideFlags: 0
  m_CorrespondingSourceObject: {fileID: 0}
  m_PrefabInstance: {fileID: 0}
  m_PrefabAsset: {fileID: 0}
  m_GameObject: {fileID: 995750789146056003}
  m_LocalRotation: {x: 0, y: 0, z: 0, w: 1}
  m_LocalPosition: {x: 0, y: 0, z: 0}
  m_LocalScale: {x: 1, y: 1, z: 1}
  m_ConstrainProportionsScale: 0
  m_Children: []
  m_Father: {fileID: 2495502361885632709}
  m_RootOrder: 0
  m_LocalEulerAnglesHint: {x: 0, y: 0, z: 0}
  m_AnchorMin: {x: 0.5, y: 0.5}
  m_AnchorMax: {x: 0.5, y: 0.5}
  m_AnchoredPosition: {x: 0, y: 0}
  m_SizeDelta: {x: 10.466666, y: 11.833333}
  m_Pivot: {x: 0.5, y: 0.5}
--- !u!222 &64083324944994723
CanvasRenderer:
  m_ObjectHideFlags: 0
  m_CorrespondingSourceObject: {fileID: 0}
  m_PrefabInstance: {fileID: 0}
  m_PrefabAsset: {fileID: 0}
  m_GameObject: {fileID: 995750789146056003}
  m_CullTransparentMesh: 1
--- !u!114 &4677880174079377028
MonoBehaviour:
  m_ObjectHideFlags: 0
  m_CorrespondingSourceObject: {fileID: 0}
  m_PrefabInstance: {fileID: 0}
  m_PrefabAsset: {fileID: 0}
  m_GameObject: {fileID: 995750789146056003}
  m_Enabled: 1
  m_EditorHideFlags: 0
  m_Script: {fileID: 11500000, guid: fe87c0e1cc204ed48ad3b37840f39efc, type: 3}
  m_Name: 
  m_EditorClassIdentifier: 
  m_Material: {fileID: 0}
  m_Color: {r: 1, g: 1, b: 1, a: 1}
  m_RaycastTarget: 1
  m_RaycastPadding: {x: 0, y: 0, z: 0, w: 0}
  m_Maskable: 1
  m_OnCullStateChanged:
    m_PersistentCalls:
      m_Calls: []
  m_Sprite: {fileID: 21300000, guid: 71d5a6c19d1bc6443a76925753df4188, type: 3}
  m_Type: 0
  m_PreserveAspect: 0
  m_FillCenter: 1
  m_FillMethod: 4
  m_FillAmount: 1
  m_FillClockwise: 1
  m_FillOrigin: 0
  m_UseSpriteMesh: 0
  m_PixelsPerUnitMultiplier: 1
--- !u!1 &2880653590082210775
GameObject:
  m_ObjectHideFlags: 0
  m_CorrespondingSourceObject: {fileID: 0}
  m_PrefabInstance: {fileID: 0}
  m_PrefabAsset: {fileID: 0}
  serializedVersion: 6
  m_Component:
  - component: {fileID: 2495502361885632709}
  - component: {fileID: 6828237317736115925}
  - component: {fileID: 1857258661290974292}
  - component: {fileID: 4819818315315363127}
  m_Layer: 5
  m_Name: Canvas (16)
  m_TagString: Untagged
  m_Icon: {fileID: 0}
  m_NavMeshLayer: 0
  m_StaticEditorFlags: 0
  m_IsActive: 0
--- !u!224 &2495502361885632709
RectTransform:
  m_ObjectHideFlags: 0
  m_CorrespondingSourceObject: {fileID: 0}
  m_PrefabInstance: {fileID: 0}
  m_PrefabAsset: {fileID: 0}
  m_GameObject: {fileID: 2880653590082210775}
  m_LocalRotation: {x: -0.00000014901161, y: 0.5000002, z: -0.00000041350722, w: 0.8660253}
  m_LocalPosition: {x: 0, y: 0, z: -2.2679996}
  m_LocalScale: {x: -0.015000004, y: 0.015, z: 1}
  m_ConstrainProportionsScale: 0
  m_Children:
  - {fileID: 9123910416899218510}
  m_Father: {fileID: 5216016485396073404}
  m_RootOrder: 6
  m_LocalEulerAnglesHint: {x: 89.98, y: 0, z: 0}
  m_AnchorMin: {x: 0, y: 0}
  m_AnchorMax: {x: 0, y: 0}
  m_AnchoredPosition: {x: -17.614002, y: 0.7349999}
  m_SizeDelta: {x: 10, y: 10}
  m_Pivot: {x: 0.5, y: 0.5}
--- !u!223 &6828237317736115925
Canvas:
  m_ObjectHideFlags: 0
  m_CorrespondingSourceObject: {fileID: 0}
  m_PrefabInstance: {fileID: 0}
  m_PrefabAsset: {fileID: 0}
  m_GameObject: {fileID: 2880653590082210775}
  m_Enabled: 1
  serializedVersion: 3
  m_RenderMode: 2
  m_Camera: {fileID: 0}
  m_PlaneDistance: 100
  m_PixelPerfect: 0
  m_ReceivesEvents: 1
  m_OverrideSorting: 0
  m_OverridePixelPerfect: 0
  m_SortingBucketNormalizedSize: 0
  m_AdditionalShaderChannelsFlag: 25
  m_SortingLayerID: 0
  m_SortingOrder: 0
  m_TargetDisplay: 0
--- !u!114 &1857258661290974292
MonoBehaviour:
  m_ObjectHideFlags: 0
  m_CorrespondingSourceObject: {fileID: 0}
  m_PrefabInstance: {fileID: 0}
  m_PrefabAsset: {fileID: 0}
  m_GameObject: {fileID: 2880653590082210775}
  m_Enabled: 1
  m_EditorHideFlags: 0
  m_Script: {fileID: 11500000, guid: 0cd44c1031e13a943bb63640046fad76, type: 3}
  m_Name: 
  m_EditorClassIdentifier: 
  m_UiScaleMode: 0
  m_ReferencePixelsPerUnit: 100
  m_ScaleFactor: 1
  m_ReferenceResolution: {x: 800, y: 600}
  m_ScreenMatchMode: 0
  m_MatchWidthOrHeight: 0
  m_PhysicalUnit: 3
  m_FallbackScreenDPI: 96
  m_DefaultSpriteDPI: 96
  m_DynamicPixelsPerUnit: 1
  m_PresetInfoIsWorld: 1
--- !u!114 &4819818315315363127
MonoBehaviour:
  m_ObjectHideFlags: 0
  m_CorrespondingSourceObject: {fileID: 0}
  m_PrefabInstance: {fileID: 0}
  m_PrefabAsset: {fileID: 0}
  m_GameObject: {fileID: 2880653590082210775}
  m_Enabled: 1
  m_EditorHideFlags: 0
  m_Script: {fileID: 11500000, guid: 4d0390bd8b8ffd640b34fe25065ff1df, type: 3}
  m_Name: 
  m_EditorClassIdentifier: 
  updateType: 0
  isSpeedBased: 0
  hasOnStart: 0
  hasOnPlay: 0
  hasOnUpdate: 0
  hasOnStepComplete: 0
  hasOnComplete: 0
  hasOnTweenCreated: 0
  hasOnRewind: 0
  onStart:
    m_PersistentCalls:
      m_Calls: []
  onPlay:
    m_PersistentCalls:
      m_Calls: []
  onUpdate:
    m_PersistentCalls:
      m_Calls: []
  onStepComplete:
    m_PersistentCalls:
      m_Calls: []
  onComplete:
    m_PersistentCalls:
      m_Calls: []
  onTweenCreated:
    m_PersistentCalls:
      m_Calls: []
  onRewind:
    m_PersistentCalls:
      m_Calls: []
  targetIsSelf: 1
  targetGO: {fileID: 0}
  tweenTargetIsTargetGO: 1
  delay: 0
  duration: 1
  easeType: 1
  easeCurve:
    serializedVersion: 2
    m_Curve:
    - serializedVersion: 3
      time: 0
      value: 0
      inSlope: 0
      outSlope: 0
      tangentMode: 0
      weightedMode: 0
      inWeight: 0
      outWeight: 0
    - serializedVersion: 3
      time: 1
      value: 1
      inSlope: 0
      outSlope: 0
      tangentMode: 0
      weightedMode: 0
      inWeight: 0
      outWeight: 0
    m_PreInfinity: 2
    m_PostInfinity: 2
    m_RotationOrder: 4
  loopType: 2
  loops: -1
  id: 
  isRelative: 0
  isFrom: 0
  isIndependentUpdate: 0
  autoKill: 0
  isActive: 1
  isValid: 1
  target: {fileID: 2495502361885632709}
  animationType: 3
  targetType: 11
  forcedTargetType: 0
  autoPlay: 1
  useTargetAsV3: 0
  endValueFloat: 0
  endValueV3: {x: 0, y: 180, z: 0}
  endValueV2: {x: 0, y: 0}
  endValueColor: {r: 1, g: 1, b: 1, a: 1}
  endValueString: 
  endValueRect:
    serializedVersion: 2
    x: 0
    y: 0
    width: 0
    height: 0
  endValueTransform: {fileID: 0}
  optionalBool0: 0
  optionalFloat0: 0
  optionalInt0: 0
  optionalRotationMode: 0
  optionalScrambleMode: 0
  optionalString: 
--- !u!1 &4155009188986152147
GameObject:
  m_ObjectHideFlags: 0
  m_CorrespondingSourceObject: {fileID: 0}
  m_PrefabInstance: {fileID: 0}
  m_PrefabAsset: {fileID: 0}
  serializedVersion: 6
  m_Component:
  - component: {fileID: 5222772117573927879}
  - component: {fileID: 4568325125511364156}
  - component: {fileID: 8426057562646690516}
  - component: {fileID: 6260662578988083919}
  m_Layer: 5
  m_Name: Canvas (14)
  m_TagString: Untagged
  m_Icon: {fileID: 0}
  m_NavMeshLayer: 0
  m_StaticEditorFlags: 0
  m_IsActive: 0
--- !u!224 &5222772117573927879
RectTransform:
  m_ObjectHideFlags: 0
  m_CorrespondingSourceObject: {fileID: 0}
  m_PrefabInstance: {fileID: 0}
  m_PrefabAsset: {fileID: 0}
  m_GameObject: {fileID: 4155009188986152147}
  m_LocalRotation: {x: 0.00000029802328, y: 0.9238796, z: 0.00000009499492, w: 0.38268334}
  m_LocalPosition: {x: 0, y: 0, z: 9.075}
  m_LocalScale: {x: -0.015000014, y: 0.015, z: 1}
  m_ConstrainProportionsScale: 0
  m_Children:
  - {fileID: 2223171239848060784}
  m_Father: {fileID: 5216016485396073404}
  m_RootOrder: 4
  m_LocalEulerAnglesHint: {x: 90, y: 0, z: 0}
  m_AnchorMin: {x: 0, y: 0}
  m_AnchorMax: {x: 0, y: 0}
  m_AnchoredPosition: {x: -11.268, y: 0.15799999}
  m_SizeDelta: {x: 10, y: 10}
  m_Pivot: {x: 0.5, y: 0.5}
--- !u!223 &4568325125511364156
Canvas:
  m_ObjectHideFlags: 0
  m_CorrespondingSourceObject: {fileID: 0}
  m_PrefabInstance: {fileID: 0}
  m_PrefabAsset: {fileID: 0}
  m_GameObject: {fileID: 4155009188986152147}
  m_Enabled: 1
  serializedVersion: 3
  m_RenderMode: 2
  m_Camera: {fileID: 0}
  m_PlaneDistance: 100
  m_PixelPerfect: 0
  m_ReceivesEvents: 1
  m_OverrideSorting: 0
  m_OverridePixelPerfect: 0
  m_SortingBucketNormalizedSize: 0
  m_AdditionalShaderChannelsFlag: 25
  m_SortingLayerID: 0
  m_SortingOrder: 0
  m_TargetDisplay: 0
--- !u!114 &8426057562646690516
MonoBehaviour:
  m_ObjectHideFlags: 0
  m_CorrespondingSourceObject: {fileID: 0}
  m_PrefabInstance: {fileID: 0}
  m_PrefabAsset: {fileID: 0}
  m_GameObject: {fileID: 4155009188986152147}
  m_Enabled: 1
  m_EditorHideFlags: 0
  m_Script: {fileID: 11500000, guid: 0cd44c1031e13a943bb63640046fad76, type: 3}
  m_Name: 
  m_EditorClassIdentifier: 
  m_UiScaleMode: 0
  m_ReferencePixelsPerUnit: 100
  m_ScaleFactor: 1
  m_ReferenceResolution: {x: 800, y: 600}
  m_ScreenMatchMode: 0
  m_MatchWidthOrHeight: 0
  m_PhysicalUnit: 3
  m_FallbackScreenDPI: 96
  m_DefaultSpriteDPI: 96
  m_DynamicPixelsPerUnit: 1
  m_PresetInfoIsWorld: 1
--- !u!114 &6260662578988083919
MonoBehaviour:
  m_ObjectHideFlags: 0
  m_CorrespondingSourceObject: {fileID: 0}
  m_PrefabInstance: {fileID: 0}
  m_PrefabAsset: {fileID: 0}
  m_GameObject: {fileID: 4155009188986152147}
  m_Enabled: 1
  m_EditorHideFlags: 0
  m_Script: {fileID: 11500000, guid: 4d0390bd8b8ffd640b34fe25065ff1df, type: 3}
  m_Name: 
  m_EditorClassIdentifier: 
  updateType: 0
  isSpeedBased: 0
  hasOnStart: 0
  hasOnPlay: 0
  hasOnUpdate: 0
  hasOnStepComplete: 0
  hasOnComplete: 0
  hasOnTweenCreated: 0
  hasOnRewind: 0
  onStart:
    m_PersistentCalls:
      m_Calls: []
  onPlay:
    m_PersistentCalls:
      m_Calls: []
  onUpdate:
    m_PersistentCalls:
      m_Calls: []
  onStepComplete:
    m_PersistentCalls:
      m_Calls: []
  onComplete:
    m_PersistentCalls:
      m_Calls: []
  onTweenCreated:
    m_PersistentCalls:
      m_Calls: []
  onRewind:
    m_PersistentCalls:
      m_Calls: []
  targetIsSelf: 1
  targetGO: {fileID: 0}
  tweenTargetIsTargetGO: 1
  delay: 0
  duration: 1
  easeType: 1
  easeCurve:
    serializedVersion: 2
    m_Curve:
    - serializedVersion: 3
      time: 0
      value: 0
      inSlope: 0
      outSlope: 0
      tangentMode: 0
      weightedMode: 0
      inWeight: 0
      outWeight: 0
    - serializedVersion: 3
      time: 1
      value: 1
      inSlope: 0
      outSlope: 0
      tangentMode: 0
      weightedMode: 0
      inWeight: 0
      outWeight: 0
    m_PreInfinity: 2
    m_PostInfinity: 2
    m_RotationOrder: 4
  loopType: 2
  loops: -1
  id: 
  isRelative: 0
  isFrom: 0
  isIndependentUpdate: 0
  autoKill: 0
  isActive: 1
  isValid: 1
  target: {fileID: 5222772117573927879}
  animationType: 3
  targetType: 11
  forcedTargetType: 0
  autoPlay: 1
  useTargetAsV3: 0
  endValueFloat: 0
  endValueV3: {x: 0, y: 180, z: 0}
  endValueV2: {x: 0, y: 0}
  endValueColor: {r: 1, g: 1, b: 1, a: 1}
  endValueString: 
  endValueRect:
    serializedVersion: 2
    x: 0
    y: 0
    width: 0
    height: 0
  endValueTransform: {fileID: 0}
  optionalBool0: 0
  optionalFloat0: 0
  optionalInt0: 0
  optionalRotationMode: 0
  optionalScrambleMode: 0
  optionalString: 
--- !u!1 &5863976208931053929
GameObject:
  m_ObjectHideFlags: 0
  m_CorrespondingSourceObject: {fileID: 0}
  m_PrefabInstance: {fileID: 0}
  m_PrefabAsset: {fileID: 0}
  serializedVersion: 6
  m_Component:
  - component: {fileID: 8167205456260307133}
  - component: {fileID: 7279254236004653257}
  - component: {fileID: 6537884167567118872}
  - component: {fileID: 1435670458835423945}
  m_Layer: 5
  m_Name: Canvas (13)
  m_TagString: Untagged
  m_Icon: {fileID: 0}
  m_NavMeshLayer: 0
  m_StaticEditorFlags: 0
  m_IsActive: 0
--- !u!224 &8167205456260307133
RectTransform:
  m_ObjectHideFlags: 0
  m_CorrespondingSourceObject: {fileID: 0}
  m_PrefabInstance: {fileID: 0}
  m_PrefabAsset: {fileID: 0}
  m_GameObject: {fileID: 5863976208931053929}
  m_LocalRotation: {x: 0.000000055879354, y: -0.89566594, z: 1.7763566e-15, w: 0.4447275}
  m_LocalPosition: {x: 0, y: 0, z: 5.1619997}
  m_LocalScale: {x: -0.030000009, y: 0.030000001, z: 2}
  m_ConstrainProportionsScale: 0
  m_Children:
  - {fileID: 4899094644933060659}
  m_Father: {fileID: 5216016485396073404}
  m_RootOrder: 3
  m_LocalEulerAnglesHint: {x: 0, y: -37.188, z: 0}
  m_AnchorMin: {x: 0, y: 0}
  m_AnchorMax: {x: 0, y: 0}
  m_AnchoredPosition: {x: -15.445998, y: 1.069}
  m_SizeDelta: {x: 10, y: 10}
  m_Pivot: {x: 0.5, y: 0.5}
--- !u!223 &7279254236004653257
Canvas:
  m_ObjectHideFlags: 0
  m_CorrespondingSourceObject: {fileID: 0}
  m_PrefabInstance: {fileID: 0}
  m_PrefabAsset: {fileID: 0}
  m_GameObject: {fileID: 5863976208931053929}
  m_Enabled: 1
  serializedVersion: 3
  m_RenderMode: 2
  m_Camera: {fileID: 0}
  m_PlaneDistance: 100
  m_PixelPerfect: 0
  m_ReceivesEvents: 1
  m_OverrideSorting: 0
  m_OverridePixelPerfect: 0
  m_SortingBucketNormalizedSize: 0
  m_AdditionalShaderChannelsFlag: 25
  m_SortingLayerID: 0
  m_SortingOrder: 0
  m_TargetDisplay: 0
--- !u!114 &6537884167567118872
MonoBehaviour:
  m_ObjectHideFlags: 0
  m_CorrespondingSourceObject: {fileID: 0}
  m_PrefabInstance: {fileID: 0}
  m_PrefabAsset: {fileID: 0}
  m_GameObject: {fileID: 5863976208931053929}
  m_Enabled: 1
  m_EditorHideFlags: 0
  m_Script: {fileID: 11500000, guid: 0cd44c1031e13a943bb63640046fad76, type: 3}
  m_Name: 
  m_EditorClassIdentifier: 
  m_UiScaleMode: 0
  m_ReferencePixelsPerUnit: 100
  m_ScaleFactor: 1
  m_ReferenceResolution: {x: 800, y: 600}
  m_ScreenMatchMode: 0
  m_MatchWidthOrHeight: 0
  m_PhysicalUnit: 3
  m_FallbackScreenDPI: 96
  m_DefaultSpriteDPI: 96
  m_DynamicPixelsPerUnit: 1
  m_PresetInfoIsWorld: 1
--- !u!114 &1435670458835423945
MonoBehaviour:
  m_ObjectHideFlags: 0
  m_CorrespondingSourceObject: {fileID: 0}
  m_PrefabInstance: {fileID: 0}
  m_PrefabAsset: {fileID: 0}
  m_GameObject: {fileID: 5863976208931053929}
  m_Enabled: 1
  m_EditorHideFlags: 0
  m_Script: {fileID: 11500000, guid: 4d0390bd8b8ffd640b34fe25065ff1df, type: 3}
  m_Name: 
  m_EditorClassIdentifier: 
  updateType: 0
  isSpeedBased: 0
  hasOnStart: 0
  hasOnPlay: 0
  hasOnUpdate: 0
  hasOnStepComplete: 0
  hasOnComplete: 0
  hasOnTweenCreated: 0
  hasOnRewind: 0
  onStart:
    m_PersistentCalls:
      m_Calls: []
  onPlay:
    m_PersistentCalls:
      m_Calls: []
  onUpdate:
    m_PersistentCalls:
      m_Calls: []
  onStepComplete:
    m_PersistentCalls:
      m_Calls: []
  onComplete:
    m_PersistentCalls:
      m_Calls: []
  onTweenCreated:
    m_PersistentCalls:
      m_Calls: []
  onRewind:
    m_PersistentCalls:
      m_Calls: []
  targetIsSelf: 1
  targetGO: {fileID: 0}
  tweenTargetIsTargetGO: 1
  delay: 0
  duration: 1
  easeType: 1
  easeCurve:
    serializedVersion: 2
    m_Curve:
    - serializedVersion: 3
      time: 0
      value: 0
      inSlope: 0
      outSlope: 0
      tangentMode: 0
      weightedMode: 0
      inWeight: 0
      outWeight: 0
    - serializedVersion: 3
      time: 1
      value: 1
      inSlope: 0
      outSlope: 0
      tangentMode: 0
      weightedMode: 0
      inWeight: 0
      outWeight: 0
    m_PreInfinity: 2
    m_PostInfinity: 2
    m_RotationOrder: 4
  loopType: 2
  loops: -1
  id: 
  isRelative: 0
  isFrom: 0
  isIndependentUpdate: 0
  autoKill: 0
  isActive: 1
  isValid: 1
  target: {fileID: 8167205456260307133}
  animationType: 3
  targetType: 11
  forcedTargetType: 0
  autoPlay: 1
  useTargetAsV3: 0
  endValueFloat: 0
  endValueV3: {x: 0, y: 180, z: 0}
  endValueV2: {x: 0, y: 0}
  endValueColor: {r: 1, g: 1, b: 1, a: 1}
  endValueString: 
  endValueRect:
    serializedVersion: 2
    x: 0
    y: 0
    width: 0
    height: 0
  endValueTransform: {fileID: 0}
  optionalBool0: 0
  optionalFloat0: 0
  optionalInt0: 0
  optionalRotationMode: 0
  optionalScrambleMode: 0
  optionalString: 
--- !u!1 &6693928549547146162
GameObject:
  m_ObjectHideFlags: 0
  m_CorrespondingSourceObject: {fileID: 0}
  m_PrefabInstance: {fileID: 0}
  m_PrefabAsset: {fileID: 0}
  serializedVersion: 6
  m_Component:
  - component: {fileID: 3433648439970386246}
  - component: {fileID: 3203088161125437025}
  - component: {fileID: 2716729063207415585}
  - component: {fileID: 6524163275666567640}
  m_Layer: 5
  m_Name: Canvas (15)
  m_TagString: Untagged
  m_Icon: {fileID: 0}
  m_NavMeshLayer: 0
  m_StaticEditorFlags: 0
  m_IsActive: 0
--- !u!224 &3433648439970386246
RectTransform:
  m_ObjectHideFlags: 0
  m_CorrespondingSourceObject: {fileID: 0}
  m_PrefabInstance: {fileID: 0}
  m_PrefabAsset: {fileID: 0}
  m_GameObject: {fileID: 6693928549547146162}
  m_LocalRotation: {x: 0.00000023841856, y: 0.38268346, z: 0.000000089406974, w: 0.9238795}
  m_LocalPosition: {x: 0, y: 0, z: -1.9569998}
  m_LocalScale: {x: -0.015000006, y: 0.015, z: 1}
  m_ConstrainProportionsScale: 0
  m_Children:
  - {fileID: 3949270158531238072}
  m_Father: {fileID: 5216016485396073404}
  m_RootOrder: 5
  m_LocalEulerAnglesHint: {x: 90, y: 0, z: 0}
  m_AnchorMin: {x: 0, y: 0}
  m_AnchorMax: {x: 0, y: 0}
  m_AnchoredPosition: {x: -12.542, y: 0.7609999}
  m_SizeDelta: {x: 10, y: 10}
  m_Pivot: {x: 0.5, y: 0.5}
--- !u!223 &3203088161125437025
Canvas:
  m_ObjectHideFlags: 0
  m_CorrespondingSourceObject: {fileID: 0}
  m_PrefabInstance: {fileID: 0}
  m_PrefabAsset: {fileID: 0}
  m_GameObject: {fileID: 6693928549547146162}
  m_Enabled: 1
  serializedVersion: 3
  m_RenderMode: 2
  m_Camera: {fileID: 0}
  m_PlaneDistance: 100
  m_PixelPerfect: 0
  m_ReceivesEvents: 1
  m_OverrideSorting: 0
  m_OverridePixelPerfect: 0
  m_SortingBucketNormalizedSize: 0
  m_AdditionalShaderChannelsFlag: 25
  m_SortingLayerID: 0
  m_SortingOrder: 0
  m_TargetDisplay: 0
--- !u!114 &2716729063207415585
MonoBehaviour:
  m_ObjectHideFlags: 0
  m_CorrespondingSourceObject: {fileID: 0}
  m_PrefabInstance: {fileID: 0}
  m_PrefabAsset: {fileID: 0}
  m_GameObject: {fileID: 6693928549547146162}
  m_Enabled: 1
  m_EditorHideFlags: 0
  m_Script: {fileID: 11500000, guid: 0cd44c1031e13a943bb63640046fad76, type: 3}
  m_Name: 
  m_EditorClassIdentifier: 
  m_UiScaleMode: 0
  m_ReferencePixelsPerUnit: 100
  m_ScaleFactor: 1
  m_ReferenceResolution: {x: 800, y: 600}
  m_ScreenMatchMode: 0
  m_MatchWidthOrHeight: 0
  m_PhysicalUnit: 3
  m_FallbackScreenDPI: 96
  m_DefaultSpriteDPI: 96
  m_DynamicPixelsPerUnit: 1
  m_PresetInfoIsWorld: 1
--- !u!114 &6524163275666567640
MonoBehaviour:
  m_ObjectHideFlags: 0
  m_CorrespondingSourceObject: {fileID: 0}
  m_PrefabInstance: {fileID: 0}
  m_PrefabAsset: {fileID: 0}
  m_GameObject: {fileID: 6693928549547146162}
  m_Enabled: 1
  m_EditorHideFlags: 0
  m_Script: {fileID: 11500000, guid: 4d0390bd8b8ffd640b34fe25065ff1df, type: 3}
  m_Name: 
  m_EditorClassIdentifier: 
  updateType: 0
  isSpeedBased: 0
  hasOnStart: 0
  hasOnPlay: 0
  hasOnUpdate: 0
  hasOnStepComplete: 0
  hasOnComplete: 0
  hasOnTweenCreated: 0
  hasOnRewind: 0
  onStart:
    m_PersistentCalls:
      m_Calls: []
  onPlay:
    m_PersistentCalls:
      m_Calls: []
  onUpdate:
    m_PersistentCalls:
      m_Calls: []
  onStepComplete:
    m_PersistentCalls:
      m_Calls: []
  onComplete:
    m_PersistentCalls:
      m_Calls: []
  onTweenCreated:
    m_PersistentCalls:
      m_Calls: []
  onRewind:
    m_PersistentCalls:
      m_Calls: []
  targetIsSelf: 1
  targetGO: {fileID: 0}
  tweenTargetIsTargetGO: 1
  delay: 0
  duration: 1
  easeType: 1
  easeCurve:
    serializedVersion: 2
    m_Curve:
    - serializedVersion: 3
      time: 0
      value: 0
      inSlope: 0
      outSlope: 0
      tangentMode: 0
      weightedMode: 0
      inWeight: 0
      outWeight: 0
    - serializedVersion: 3
      time: 1
      value: 1
      inSlope: 0
      outSlope: 0
      tangentMode: 0
      weightedMode: 0
      inWeight: 0
      outWeight: 0
    m_PreInfinity: 2
    m_PostInfinity: 2
    m_RotationOrder: 4
  loopType: 2
  loops: -1
  id: 
  isRelative: 0
  isFrom: 0
  isIndependentUpdate: 0
  autoKill: 0
  isActive: 1
  isValid: 1
  target: {fileID: 3433648439970386246}
  animationType: 3
  targetType: 11
  forcedTargetType: 0
  autoPlay: 1
  useTargetAsV3: 0
  endValueFloat: 0
  endValueV3: {x: 0, y: 180, z: 0}
  endValueV2: {x: 0, y: 0}
  endValueColor: {r: 1, g: 1, b: 1, a: 1}
  endValueString: 
  endValueRect:
    serializedVersion: 2
    x: 0
    y: 0
    width: 0
    height: 0
  endValueTransform: {fileID: 0}
  optionalBool0: 0
  optionalFloat0: 0
  optionalInt0: 0
  optionalRotationMode: 0
  optionalScrambleMode: 0
  optionalString: 
--- !u!1 &8736587905407371136
GameObject:
  m_ObjectHideFlags: 0
  m_CorrespondingSourceObject: {fileID: 0}
  m_PrefabInstance: {fileID: 0}
  m_PrefabAsset: {fileID: 0}
  serializedVersion: 6
  m_Component:
  - component: {fileID: 2223171239848060784}
  - component: {fileID: 4031317094244890416}
  - component: {fileID: 2245148669017506787}
  m_Layer: 5
  m_Name: Image
  m_TagString: Untagged
  m_Icon: {fileID: 0}
  m_NavMeshLayer: 0
  m_StaticEditorFlags: 0
  m_IsActive: 1
--- !u!224 &2223171239848060784
RectTransform:
  m_ObjectHideFlags: 0
  m_CorrespondingSourceObject: {fileID: 0}
  m_PrefabInstance: {fileID: 0}
  m_PrefabAsset: {fileID: 0}
  m_GameObject: {fileID: 8736587905407371136}
  m_LocalRotation: {x: 0, y: 0, z: 0, w: 1}
  m_LocalPosition: {x: 0, y: 0, z: 0}
  m_LocalScale: {x: 1, y: 1, z: 1}
  m_ConstrainProportionsScale: 0
  m_Children: []
  m_Father: {fileID: 5222772117573927879}
  m_RootOrder: 0
  m_LocalEulerAnglesHint: {x: 0, y: 0, z: 0}
  m_AnchorMin: {x: 0.5, y: 0.5}
  m_AnchorMax: {x: 0.5, y: 0.5}
  m_AnchoredPosition: {x: 0, y: 0}
  m_SizeDelta: {x: 10.466666, y: 11.833333}
  m_Pivot: {x: 0.5, y: 0.5}
--- !u!222 &4031317094244890416
CanvasRenderer:
  m_ObjectHideFlags: 0
  m_CorrespondingSourceObject: {fileID: 0}
  m_PrefabInstance: {fileID: 0}
  m_PrefabAsset: {fileID: 0}
  m_GameObject: {fileID: 8736587905407371136}
  m_CullTransparentMesh: 1
--- !u!114 &2245148669017506787
MonoBehaviour:
  m_ObjectHideFlags: 0
  m_CorrespondingSourceObject: {fileID: 0}
  m_PrefabInstance: {fileID: 0}
  m_PrefabAsset: {fileID: 0}
  m_GameObject: {fileID: 8736587905407371136}
  m_Enabled: 1
  m_EditorHideFlags: 0
  m_Script: {fileID: 11500000, guid: fe87c0e1cc204ed48ad3b37840f39efc, type: 3}
  m_Name: 
  m_EditorClassIdentifier: 
  m_Material: {fileID: 0}
  m_Color: {r: 1, g: 1, b: 1, a: 1}
  m_RaycastTarget: 1
  m_RaycastPadding: {x: 0, y: 0, z: 0, w: 0}
  m_Maskable: 1
  m_OnCullStateChanged:
    m_PersistentCalls:
      m_Calls: []
  m_Sprite: {fileID: 21300000, guid: 71d5a6c19d1bc6443a76925753df4188, type: 3}
  m_Type: 0
  m_PreserveAspect: 0
  m_FillCenter: 1
  m_FillMethod: 4
  m_FillAmount: 1
  m_FillClockwise: 1
  m_FillOrigin: 0
  m_UseSpriteMesh: 0
  m_PixelsPerUnitMultiplier: 1
--- !u!1 &9069350192088803663
GameObject:
  m_ObjectHideFlags: 0
  m_CorrespondingSourceObject: {fileID: 0}
  m_PrefabInstance: {fileID: 0}
  m_PrefabAsset: {fileID: 0}
  serializedVersion: 6
  m_Component:
  - component: {fileID: 3949270158531238072}
  - component: {fileID: 7090611117081636012}
  - component: {fileID: 691594216188107541}
  m_Layer: 5
  m_Name: Image
  m_TagString: Untagged
  m_Icon: {fileID: 0}
  m_NavMeshLayer: 0
  m_StaticEditorFlags: 0
  m_IsActive: 1
--- !u!224 &3949270158531238072
RectTransform:
  m_ObjectHideFlags: 0
  m_CorrespondingSourceObject: {fileID: 0}
  m_PrefabInstance: {fileID: 0}
  m_PrefabAsset: {fileID: 0}
  m_GameObject: {fileID: 9069350192088803663}
  m_LocalRotation: {x: 0, y: 0, z: 0, w: 1}
  m_LocalPosition: {x: 0, y: 0, z: 0}
  m_LocalScale: {x: 1, y: 1, z: 1}
  m_ConstrainProportionsScale: 0
  m_Children: []
  m_Father: {fileID: 3433648439970386246}
  m_RootOrder: 0
  m_LocalEulerAnglesHint: {x: 0, y: 0, z: 0}
  m_AnchorMin: {x: 0.5, y: 0.5}
  m_AnchorMax: {x: 0.5, y: 0.5}
  m_AnchoredPosition: {x: 0, y: 0}
  m_SizeDelta: {x: 10.466666, y: 11.833333}
  m_Pivot: {x: 0.5, y: 0.5}
--- !u!222 &7090611117081636012
CanvasRenderer:
  m_ObjectHideFlags: 0
  m_CorrespondingSourceObject: {fileID: 0}
  m_PrefabInstance: {fileID: 0}
  m_PrefabAsset: {fileID: 0}
  m_GameObject: {fileID: 9069350192088803663}
  m_CullTransparentMesh: 1
--- !u!114 &691594216188107541
MonoBehaviour:
  m_ObjectHideFlags: 0
  m_CorrespondingSourceObject: {fileID: 0}
  m_PrefabInstance: {fileID: 0}
  m_PrefabAsset: {fileID: 0}
  m_GameObject: {fileID: 9069350192088803663}
  m_Enabled: 1
  m_EditorHideFlags: 0
  m_Script: {fileID: 11500000, guid: fe87c0e1cc204ed48ad3b37840f39efc, type: 3}
  m_Name: 
  m_EditorClassIdentifier: 
  m_Material: {fileID: 0}
  m_Color: {r: 1, g: 1, b: 1, a: 1}
  m_RaycastTarget: 1
  m_RaycastPadding: {x: 0, y: 0, z: 0, w: 0}
  m_Maskable: 1
  m_OnCullStateChanged:
    m_PersistentCalls:
      m_Calls: []
  m_Sprite: {fileID: 21300000, guid: 71d5a6c19d1bc6443a76925753df4188, type: 3}
  m_Type: 0
  m_PreserveAspect: 0
  m_FillCenter: 1
  m_FillMethod: 4
  m_FillAmount: 1
  m_FillClockwise: 1
  m_FillOrigin: 0
  m_UseSpriteMesh: 0
  m_PixelsPerUnitMultiplier: 1
--- !u!1001 &7832724055636063430
PrefabInstance:
  m_ObjectHideFlags: 0
  serializedVersion: 2
  m_Modification:
    m_TransformParent: {fileID: 0}
    m_Modifications:
    - target: {fileID: 1310369944374905993, guid: 56593e4085260a447bb5f0e7ba78990b, type: 3}
      propertyPath: m_Enabled
      value: 1
      objectReference: {fileID: 0}
    - target: {fileID: 1383071997802297045, guid: 56593e4085260a447bb5f0e7ba78990b, type: 3}
      propertyPath: m_IsLocked
      value: 0
      objectReference: {fileID: 0}
    - target: {fileID: 1383071997802297045, guid: 56593e4085260a447bb5f0e7ba78990b, type: 3}
      propertyPath: m_TranslationAtRest.x
      value: -11.268
      objectReference: {fileID: 0}
    - target: {fileID: 1383071997802297045, guid: 56593e4085260a447bb5f0e7ba78990b, type: 3}
      propertyPath: m_TranslationAtRest.y
      value: 0.47800002
      objectReference: {fileID: 0}
    - target: {fileID: 1383071997802297045, guid: 56593e4085260a447bb5f0e7ba78990b, type: 3}
      propertyPath: m_TranslationAtRest.z
      value: 9.075
      objectReference: {fileID: 0}
    - target: {fileID: 1383071997802297045, guid: 56593e4085260a447bb5f0e7ba78990b, type: 3}
      propertyPath: m_TranslationOffset.x
      value: 0
      objectReference: {fileID: 0}
    - target: {fileID: 1383071997802297045, guid: 56593e4085260a447bb5f0e7ba78990b, type: 3}
      propertyPath: m_TranslationOffset.y
      value: 0.6
      objectReference: {fileID: 0}
    - target: {fileID: 1383071997802297045, guid: 56593e4085260a447bb5f0e7ba78990b, type: 3}
      propertyPath: m_TranslationOffset.z
      value: 0
      objectReference: {fileID: 0}
    - target: {fileID: 1431722891515653429, guid: 56593e4085260a447bb5f0e7ba78990b, type: 3}
      propertyPath: m_RootOrder
      value: 8
      objectReference: {fileID: 0}
    - target: {fileID: 1431722891515653429, guid: 56593e4085260a447bb5f0e7ba78990b, type: 3}
      propertyPath: m_LocalScale.x
      value: -0.03
      objectReference: {fileID: 0}
    - target: {fileID: 1431722891515653429, guid: 56593e4085260a447bb5f0e7ba78990b, type: 3}
      propertyPath: m_LocalScale.y
      value: 0.03
      objectReference: {fileID: 0}
    - target: {fileID: 1431722891515653429, guid: 56593e4085260a447bb5f0e7ba78990b, type: 3}
      propertyPath: m_LocalPosition.z
      value: 9.075
      objectReference: {fileID: 0}
    - target: {fileID: 1431722891515653429, guid: 56593e4085260a447bb5f0e7ba78990b, type: 3}
      propertyPath: m_AnchoredPosition.x
      value: -11.268
      objectReference: {fileID: 0}
    - target: {fileID: 1431722891515653429, guid: 56593e4085260a447bb5f0e7ba78990b, type: 3}
      propertyPath: m_AnchoredPosition.y
      value: 0.47800002
      objectReference: {fileID: 0}
    - target: {fileID: 1549836336388206583, guid: 56593e4085260a447bb5f0e7ba78990b, type: 3}
      propertyPath: m_IsLocked
      value: 0
      objectReference: {fileID: 0}
    - target: {fileID: 1549836336388206583, guid: 56593e4085260a447bb5f0e7ba78990b, type: 3}
      propertyPath: m_TranslationAtRest.x
      value: -15.446
      objectReference: {fileID: 0}
    - target: {fileID: 1549836336388206583, guid: 56593e4085260a447bb5f0e7ba78990b, type: 3}
      propertyPath: m_TranslationAtRest.y
      value: 1.2820001
      objectReference: {fileID: 0}
    - target: {fileID: 1549836336388206583, guid: 56593e4085260a447bb5f0e7ba78990b, type: 3}
      propertyPath: m_TranslationAtRest.z
      value: 5.162
      objectReference: {fileID: 0}
    - target: {fileID: 1549836336388206583, guid: 56593e4085260a447bb5f0e7ba78990b, type: 3}
      propertyPath: m_TranslationOffset.x
      value: 0
      objectReference: {fileID: 0}
    - target: {fileID: 1549836336388206583, guid: 56593e4085260a447bb5f0e7ba78990b, type: 3}
      propertyPath: m_TranslationOffset.y
      value: 0.6
      objectReference: {fileID: 0}
    - target: {fileID: 1549836336388206583, guid: 56593e4085260a447bb5f0e7ba78990b, type: 3}
      propertyPath: m_TranslationOffset.z
      value: 0
      objectReference: {fileID: 0}
    - target: {fileID: 1818005592710623173, guid: 56593e4085260a447bb5f0e7ba78990b, type: 3}
      propertyPath: m_Enabled
      value: 1
      objectReference: {fileID: 0}
    - target: {fileID: 1998649265770030391, guid: 56593e4085260a447bb5f0e7ba78990b, type: 3}
      propertyPath: m_IsLocked
      value: 0
      objectReference: {fileID: 0}
    - target: {fileID: 1998649265770030391, guid: 56593e4085260a447bb5f0e7ba78990b, type: 3}
      propertyPath: m_TranslationAtRest.x
      value: -17.614
      objectReference: {fileID: 0}
    - target: {fileID: 1998649265770030391, guid: 56593e4085260a447bb5f0e7ba78990b, type: 3}
      propertyPath: m_TranslationAtRest.y
      value: 1.096
      objectReference: {fileID: 0}
    - target: {fileID: 1998649265770030391, guid: 56593e4085260a447bb5f0e7ba78990b, type: 3}
      propertyPath: m_TranslationAtRest.z
      value: -2.268
      objectReference: {fileID: 0}
    - target: {fileID: 1998649265770030391, guid: 56593e4085260a447bb5f0e7ba78990b, type: 3}
      propertyPath: m_TranslationOffset.y
      value: 0.59999996
      objectReference: {fileID: 0}
    - target: {fileID: 2602729207249278425, guid: 56593e4085260a447bb5f0e7ba78990b, type: 3}
      propertyPath: m_Enabled
      value: 1
      objectReference: {fileID: 0}
    - target: {fileID: 2652741526052241274, guid: 56593e4085260a447bb5f0e7ba78990b, type: 3}
      propertyPath: m_RootOrder
      value: 0
      objectReference: {fileID: 0}
    - target: {fileID: 2652741526052241274, guid: 56593e4085260a447bb5f0e7ba78990b, type: 3}
      propertyPath: m_LocalPosition.x
      value: 0
      objectReference: {fileID: 0}
    - target: {fileID: 2652741526052241274, guid: 56593e4085260a447bb5f0e7ba78990b, type: 3}
      propertyPath: m_LocalPosition.y
      value: 0
      objectReference: {fileID: 0}
    - target: {fileID: 2652741526052241274, guid: 56593e4085260a447bb5f0e7ba78990b, type: 3}
      propertyPath: m_LocalPosition.z
      value: 0
      objectReference: {fileID: 0}
    - target: {fileID: 2652741526052241274, guid: 56593e4085260a447bb5f0e7ba78990b, type: 3}
      propertyPath: m_LocalRotation.w
      value: 1
      objectReference: {fileID: 0}
    - target: {fileID: 2652741526052241274, guid: 56593e4085260a447bb5f0e7ba78990b, type: 3}
      propertyPath: m_LocalRotation.x
      value: 0
      objectReference: {fileID: 0}
    - target: {fileID: 2652741526052241274, guid: 56593e4085260a447bb5f0e7ba78990b, type: 3}
      propertyPath: m_LocalRotation.y
      value: 0
      objectReference: {fileID: 0}
    - target: {fileID: 2652741526052241274, guid: 56593e4085260a447bb5f0e7ba78990b, type: 3}
      propertyPath: m_LocalRotation.z
      value: 0
      objectReference: {fileID: 0}
    - target: {fileID: 2652741526052241274, guid: 56593e4085260a447bb5f0e7ba78990b, type: 3}
      propertyPath: m_LocalEulerAnglesHint.x
      value: 0
      objectReference: {fileID: 0}
    - target: {fileID: 2652741526052241274, guid: 56593e4085260a447bb5f0e7ba78990b, type: 3}
      propertyPath: m_LocalEulerAnglesHint.y
      value: 0
      objectReference: {fileID: 0}
    - target: {fileID: 2652741526052241274, guid: 56593e4085260a447bb5f0e7ba78990b, type: 3}
      propertyPath: m_LocalEulerAnglesHint.z
      value: 0
      objectReference: {fileID: 0}
    - target: {fileID: 3405633461583441108, guid: 56593e4085260a447bb5f0e7ba78990b, type: 3}
      propertyPath: m_RootOrder
      value: 9
      objectReference: {fileID: 0}
    - target: {fileID: 3405633461583441108, guid: 56593e4085260a447bb5f0e7ba78990b, type: 3}
      propertyPath: m_LocalScale.x
      value: -0.03
      objectReference: {fileID: 0}
    - target: {fileID: 3405633461583441108, guid: 56593e4085260a447bb5f0e7ba78990b, type: 3}
      propertyPath: m_LocalScale.y
      value: 0.03
      objectReference: {fileID: 0}
    - target: {fileID: 3405633461583441108, guid: 56593e4085260a447bb5f0e7ba78990b, type: 3}
      propertyPath: m_LocalPosition.z
      value: -1.957
      objectReference: {fileID: 0}
    - target: {fileID: 3405633461583441108, guid: 56593e4085260a447bb5f0e7ba78990b, type: 3}
      propertyPath: m_AnchoredPosition.x
      value: -12.542
      objectReference: {fileID: 0}
    - target: {fileID: 3405633461583441108, guid: 56593e4085260a447bb5f0e7ba78990b, type: 3}
      propertyPath: m_AnchoredPosition.y
      value: 1.129
      objectReference: {fileID: 0}
    - target: {fileID: 3823619627917839636, guid: 56593e4085260a447bb5f0e7ba78990b, type: 3}
      propertyPath: m_RootOrder
      value: 10
      objectReference: {fileID: 0}
    - target: {fileID: 3823619627917839636, guid: 56593e4085260a447bb5f0e7ba78990b, type: 3}
      propertyPath: m_LocalScale.x
      value: -0.03
      objectReference: {fileID: 0}
    - target: {fileID: 3823619627917839636, guid: 56593e4085260a447bb5f0e7ba78990b, type: 3}
      propertyPath: m_LocalScale.y
      value: 0.03
      objectReference: {fileID: 0}
    - target: {fileID: 3823619627917839636, guid: 56593e4085260a447bb5f0e7ba78990b, type: 3}
      propertyPath: m_LocalPosition.z
      value: -2.268
      objectReference: {fileID: 0}
    - target: {fileID: 3823619627917839636, guid: 56593e4085260a447bb5f0e7ba78990b, type: 3}
      propertyPath: m_AnchoredPosition.x
      value: -17.614
      objectReference: {fileID: 0}
    - target: {fileID: 3823619627917839636, guid: 56593e4085260a447bb5f0e7ba78990b, type: 3}
      propertyPath: m_AnchoredPosition.y
      value: 1.096
      objectReference: {fileID: 0}
    - target: {fileID: 4020729657551516534, guid: 56593e4085260a447bb5f0e7ba78990b, type: 3}
      propertyPath: m_Name
      value: ChalkBoard Quiz 2 Variant Variant
      objectReference: {fileID: 0}
    - target: {fileID: 5170283634708775200, guid: 56593e4085260a447bb5f0e7ba78990b, type: 3}
      propertyPath: m_RootOrder
      value: 7
      objectReference: {fileID: 0}
    - target: {fileID: 5170283634708775200, guid: 56593e4085260a447bb5f0e7ba78990b, type: 3}
      propertyPath: m_LocalScale.x
      value: -0.03
      objectReference: {fileID: 0}
    - target: {fileID: 5170283634708775200, guid: 56593e4085260a447bb5f0e7ba78990b, type: 3}
      propertyPath: m_LocalScale.y
      value: 0.03
      objectReference: {fileID: 0}
    - target: {fileID: 5170283634708775200, guid: 56593e4085260a447bb5f0e7ba78990b, type: 3}
      propertyPath: m_LocalPosition.z
      value: 5.162
      objectReference: {fileID: 0}
    - target: {fileID: 5170283634708775200, guid: 56593e4085260a447bb5f0e7ba78990b, type: 3}
      propertyPath: m_AnchoredPosition.x
      value: -15.446
      objectReference: {fileID: 0}
    - target: {fileID: 5170283634708775200, guid: 56593e4085260a447bb5f0e7ba78990b, type: 3}
      propertyPath: m_AnchoredPosition.y
      value: 1.2820001
      objectReference: {fileID: 0}
    - target: {fileID: 6279798901741813633, guid: 56593e4085260a447bb5f0e7ba78990b, type: 3}
      propertyPath: m_Enabled
      value: 1
      objectReference: {fileID: 0}
    - target: {fileID: 6964615899351213478, guid: 56593e4085260a447bb5f0e7ba78990b, type: 3}
      propertyPath: m_IsLocked
      value: 0
      objectReference: {fileID: 0}
    - target: {fileID: 6964615899351213478, guid: 56593e4085260a447bb5f0e7ba78990b, type: 3}
      propertyPath: m_TranslationAtRest.x
      value: -12.542
      objectReference: {fileID: 0}
    - target: {fileID: 6964615899351213478, guid: 56593e4085260a447bb5f0e7ba78990b, type: 3}
      propertyPath: m_TranslationAtRest.y
      value: 1.129
      objectReference: {fileID: 0}
    - target: {fileID: 6964615899351213478, guid: 56593e4085260a447bb5f0e7ba78990b, type: 3}
      propertyPath: m_TranslationAtRest.z
      value: -1.957
      objectReference: {fileID: 0}
    - target: {fileID: 6964615899351213478, guid: 56593e4085260a447bb5f0e7ba78990b, type: 3}
      propertyPath: m_TranslationOffset.y
      value: 0.59999996
      objectReference: {fileID: 0}
    - target: {fileID: 7632249130368429074, guid: 56593e4085260a447bb5f0e7ba78990b, type: 3}
      propertyPath: serializationData.Prefab
      value: 
      objectReference: {fileID: 7632249130368429074, guid: 56593e4085260a447bb5f0e7ba78990b, type: 3}
    - target: {fileID: 7632249130368429087, guid: 56593e4085260a447bb5f0e7ba78990b, type: 3}
      propertyPath: m_LocalPosition.x
      value: -17.614
      objectReference: {fileID: 0}
    - target: {fileID: 7632249130368429087, guid: 56593e4085260a447bb5f0e7ba78990b, type: 3}
      propertyPath: m_LocalPosition.y
      value: 0.622
      objectReference: {fileID: 0}
    - target: {fileID: 7632249130368429087, guid: 56593e4085260a447bb5f0e7ba78990b, type: 3}
      propertyPath: m_LocalPosition.z
      value: -2.268
      objectReference: {fileID: 0}
    - target: {fileID: 7632249130368429087, guid: 56593e4085260a447bb5f0e7ba78990b, type: 3}
      propertyPath: m_LocalRotation.w
      value: 0.56098515
      objectReference: {fileID: 0}
    - target: {fileID: 7632249130368429087, guid: 56593e4085260a447bb5f0e7ba78990b, type: 3}
      propertyPath: m_LocalRotation.x
      value: -0.5609853
      objectReference: {fileID: 0}
    - target: {fileID: 7632249130368429087, guid: 56593e4085260a447bb5f0e7ba78990b, type: 3}
      propertyPath: m_LocalRotation.y
      value: 0.43045986
      objectReference: {fileID: 0}
    - target: {fileID: 7632249130368429087, guid: 56593e4085260a447bb5f0e7ba78990b, type: 3}
      propertyPath: m_LocalRotation.z
      value: 0.43045962
      objectReference: {fileID: 0}
    - target: {fileID: 7632249130368429087, guid: 56593e4085260a447bb5f0e7ba78990b, type: 3}
      propertyPath: m_LocalEulerAnglesHint.x
      value: -90
      objectReference: {fileID: 0}
    - target: {fileID: 7632249130368429087, guid: 56593e4085260a447bb5f0e7ba78990b, type: 3}
      propertyPath: m_LocalEulerAnglesHint.z
      value: 75
      objectReference: {fileID: 0}
    - target: {fileID: 7632249130499045195, guid: 56593e4085260a447bb5f0e7ba78990b, type: 3}
      propertyPath: serializationData.Prefab
      value: 
      objectReference: {fileID: 7632249130499045195, guid: 56593e4085260a447bb5f0e7ba78990b, type: 3}
    - target: {fileID: 7632249130499045232, guid: 56593e4085260a447bb5f0e7ba78990b, type: 3}
      propertyPath: m_LocalPosition.x
      value: -11.268
      objectReference: {fileID: 0}
    - target: {fileID: 7632249130499045232, guid: 56593e4085260a447bb5f0e7ba78990b, type: 3}
      propertyPath: m_LocalPosition.y
      value: 0.004
      objectReference: {fileID: 0}
    - target: {fileID: 7632249130499045232, guid: 56593e4085260a447bb5f0e7ba78990b, type: 3}
      propertyPath: m_LocalPosition.z
      value: 9.075
      objectReference: {fileID: 0}
    - target: {fileID: 7632249130499045232, guid: 56593e4085260a447bb5f0e7ba78990b, type: 3}
      propertyPath: m_LocalRotation.w
      value: 0.18301314
      objectReference: {fileID: 0}
    - target: {fileID: 7632249130499045232, guid: 56593e4085260a447bb5f0e7ba78990b, type: 3}
      propertyPath: m_LocalRotation.x
      value: -0.18301299
      objectReference: {fileID: 0}
    - target: {fileID: 7632249130499045232, guid: 56593e4085260a447bb5f0e7ba78990b, type: 3}
      propertyPath: m_LocalRotation.y
      value: 0.68301266
      objectReference: {fileID: 0}
    - target: {fileID: 7632249130499045232, guid: 56593e4085260a447bb5f0e7ba78990b, type: 3}
      propertyPath: m_LocalRotation.z
      value: 0.68301255
      objectReference: {fileID: 0}
    - target: {fileID: 7632249130499045232, guid: 56593e4085260a447bb5f0e7ba78990b, type: 3}
      propertyPath: m_LocalEulerAnglesHint.x
      value: -90
      objectReference: {fileID: 0}
    - target: {fileID: 7632249130499045232, guid: 56593e4085260a447bb5f0e7ba78990b, type: 3}
      propertyPath: m_LocalEulerAnglesHint.z
      value: 150
      objectReference: {fileID: 0}
    - target: {fileID: 7632249130846417076, guid: 56593e4085260a447bb5f0e7ba78990b, type: 3}
      propertyPath: serializationData.Prefab
      value: 
      objectReference: {fileID: 7632249130846417076, guid: 56593e4085260a447bb5f0e7ba78990b, type: 3}
    - target: {fileID: 7632249130891413511, guid: 56593e4085260a447bb5f0e7ba78990b, type: 3}
      propertyPath: serializationData.Prefab
      value: 
      objectReference: {fileID: 7632249130891413511, guid: 56593e4085260a447bb5f0e7ba78990b, type: 3}
    - target: {fileID: 7632249131082717607, guid: 56593e4085260a447bb5f0e7ba78990b, type: 3}
      propertyPath: serializationData.Prefab
      value: 
      objectReference: {fileID: 7632249131082717607, guid: 56593e4085260a447bb5f0e7ba78990b, type: 3}
    - target: {fileID: 7632249131095314442, guid: 56593e4085260a447bb5f0e7ba78990b, type: 3}
      propertyPath: serializationData.Prefab
      value: 
      objectReference: {fileID: 7632249131095314442, guid: 56593e4085260a447bb5f0e7ba78990b, type: 3}
    - target: {fileID: 7632249131179885940, guid: 56593e4085260a447bb5f0e7ba78990b, type: 3}
      propertyPath: serializationData.Prefab
      value: 
      objectReference: {fileID: 7632249131179885940, guid: 56593e4085260a447bb5f0e7ba78990b, type: 3}
    - target: {fileID: 7632249131336403105, guid: 56593e4085260a447bb5f0e7ba78990b, type: 3}
      propertyPath: serializationData.Prefab
      value: 
      objectReference: {fileID: 7632249131336403105, guid: 56593e4085260a447bb5f0e7ba78990b, type: 3}
    - target: {fileID: 7632249131336403118, guid: 56593e4085260a447bb5f0e7ba78990b, type: 3}
      propertyPath: m_LocalPosition.x
      value: -15.446
      objectReference: {fileID: 0}
    - target: {fileID: 7632249131336403118, guid: 56593e4085260a447bb5f0e7ba78990b, type: 3}
      propertyPath: m_LocalPosition.y
      value: 0.808
      objectReference: {fileID: 0}
    - target: {fileID: 7632249131336403118, guid: 56593e4085260a447bb5f0e7ba78990b, type: 3}
      propertyPath: m_LocalPosition.z
      value: 5.162
      objectReference: {fileID: 0}
    - target: {fileID: 7632249131336403118, guid: 56593e4085260a447bb5f0e7ba78990b, type: 3}
      propertyPath: m_LocalRotation.w
      value: 0.6532814
      objectReference: {fileID: 0}
    - target: {fileID: 7632249131336403118, guid: 56593e4085260a447bb5f0e7ba78990b, type: 3}
      propertyPath: m_LocalRotation.x
      value: -0.6532816
      objectReference: {fileID: 0}
    - target: {fileID: 7632249131336403118, guid: 56593e4085260a447bb5f0e7ba78990b, type: 3}
      propertyPath: m_LocalRotation.y
      value: 0.2705979
      objectReference: {fileID: 0}
    - target: {fileID: 7632249131336403118, guid: 56593e4085260a447bb5f0e7ba78990b, type: 3}
      propertyPath: m_LocalRotation.z
      value: 0.270598
      objectReference: {fileID: 0}
    - target: {fileID: 7632249131336403118, guid: 56593e4085260a447bb5f0e7ba78990b, type: 3}
      propertyPath: m_LocalEulerAnglesHint.x
      value: -90
      objectReference: {fileID: 0}
    - target: {fileID: 7632249131336403118, guid: 56593e4085260a447bb5f0e7ba78990b, type: 3}
      propertyPath: m_LocalEulerAnglesHint.z
      value: 45
      objectReference: {fileID: 0}
    - target: {fileID: 7632249131631423975, guid: 56593e4085260a447bb5f0e7ba78990b, type: 3}
      propertyPath: serializationData.Prefab
      value: 
      objectReference: {fileID: 7632249131631423975, guid: 56593e4085260a447bb5f0e7ba78990b, type: 3}
    - target: {fileID: 7632249131947276153, guid: 56593e4085260a447bb5f0e7ba78990b, type: 3}
      propertyPath: m_LocalPosition.x
      value: -12.542
      objectReference: {fileID: 0}
    - target: {fileID: 7632249131947276153, guid: 56593e4085260a447bb5f0e7ba78990b, type: 3}
      propertyPath: m_LocalPosition.y
      value: 0.655
      objectReference: {fileID: 0}
    - target: {fileID: 7632249131947276153, guid: 56593e4085260a447bb5f0e7ba78990b, type: 3}
      propertyPath: m_LocalPosition.z
      value: -1.957
      objectReference: {fileID: 0}
    - target: {fileID: 7632249131947276153, guid: 56593e4085260a447bb5f0e7ba78990b, type: 3}
      propertyPath: m_LocalRotation.w
      value: 0.6123725
      objectReference: {fileID: 0}
    - target: {fileID: 7632249131947276153, guid: 56593e4085260a447bb5f0e7ba78990b, type: 3}
      propertyPath: m_LocalRotation.x
      value: -0.6123728
      objectReference: {fileID: 0}
    - target: {fileID: 7632249131947276153, guid: 56593e4085260a447bb5f0e7ba78990b, type: 3}
      propertyPath: m_LocalRotation.y
      value: -0.35355312
      objectReference: {fileID: 0}
    - target: {fileID: 7632249131947276153, guid: 56593e4085260a447bb5f0e7ba78990b, type: 3}
      propertyPath: m_LocalRotation.z
      value: -0.35355297
      objectReference: {fileID: 0}
    - target: {fileID: 7632249131947276153, guid: 56593e4085260a447bb5f0e7ba78990b, type: 3}
      propertyPath: m_LocalEulerAnglesHint.x
      value: -90
      objectReference: {fileID: 0}
    - target: {fileID: 7632249131947276153, guid: 56593e4085260a447bb5f0e7ba78990b, type: 3}
      propertyPath: m_LocalEulerAnglesHint.z
      value: -60
      objectReference: {fileID: 0}
    - target: {fileID: 7632249131947276156, guid: 56593e4085260a447bb5f0e7ba78990b, type: 3}
      propertyPath: serializationData.Prefab
      value: 
      objectReference: {fileID: 7632249131947276156, guid: 56593e4085260a447bb5f0e7ba78990b, type: 3}
    m_RemovedComponents: []
  m_SourcePrefab: {fileID: 100100000, guid: 56593e4085260a447bb5f0e7ba78990b, type: 3}
--- !u!4 &5216016485396073404 stripped
Transform:
  m_CorrespondingSourceObject: {fileID: 2652741526052241274, guid: 56593e4085260a447bb5f0e7ba78990b, type: 3}
  m_PrefabInstance: {fileID: 7832724055636063430}
  m_PrefabAsset: {fileID: 0}
