%YAML 1.1
%TAG !u! tag:unity3d.com,2011:
--- !u!1 &1615004705552650129
GameObject:
  m_ObjectHideFlags: 0
  m_CorrespondingSourceObject: {fileID: 0}
  m_PrefabInstance: {fileID: 0}
  m_PrefabAsset: {fileID: 0}
  serializedVersion: 6
  m_Component:
  - component: {fileID: 1536006619439119827}
  - component: {fileID: 5099366727069227612}
  - component: {fileID: 1861004855067964693}
  m_Layer: 0
  m_Name: Text (TMP)
  m_TagString: Untagged
  m_Icon: {fileID: 0}
  m_NavMeshLayer: 0
  m_StaticEditorFlags: 0
  m_IsActive: 1
--- !u!224 &1536006619439119827
RectTransform:
  m_ObjectHideFlags: 0
  m_CorrespondingSourceObject: {fileID: 0}
  m_PrefabInstance: {fileID: 0}
  m_PrefabAsset: {fileID: 0}
  m_GameObject: {fileID: 1615004705552650129}
  m_LocalRotation: {x: -0, y: 1, z: -0, w: 0}
  m_LocalPosition: {x: 0, y: 0, z: 0.00999999}
  m_LocalScale: {x: 0.39999998, y: 0.39999998, z: 0.01}
  m_ConstrainProportionsScale: 0
  m_Children: []
  m_Father: {fileID: 8246048141834005779}
  m_LocalEulerAnglesHint: {x: 0, y: 180, z: 0}
  m_AnchorMin: {x: 0.5, y: 0.5}
  m_AnchorMax: {x: 0.5, y: 0.5}
  m_AnchoredPosition: {x: 0, y: 0}
  m_SizeDelta: {x: 20, y: 5}
  m_Pivot: {x: 0.5, y: 0.5}
--- !u!23 &5099366727069227612
MeshRenderer:
  m_ObjectHideFlags: 0
  m_CorrespondingSourceObject: {fileID: 0}
  m_PrefabInstance: {fileID: 0}
  m_PrefabAsset: {fileID: 0}
  m_GameObject: {fileID: 1615004705552650129}
  m_Enabled: 1
  m_CastShadows: 0
  m_ReceiveShadows: 0
  m_DynamicOccludee: 1
  m_StaticShadowCaster: 0
  m_MotionVectors: 1
  m_LightProbeUsage: 1
  m_ReflectionProbeUsage: 1
  m_RayTracingMode: 2
  m_RayTraceProcedural: 0
  m_RenderingLayerMask: 1
  m_RendererPriority: 0
  m_Materials:
  - {fileID: -3244010586110098770, guid: e09857a3dfcd1e84881556ab17e628f3, type: 2}
  m_StaticBatchInfo:
    firstSubMesh: 0
    subMeshCount: 0
  m_StaticBatchRoot: {fileID: 0}
  m_ProbeAnchor: {fileID: 0}
  m_LightProbeVolumeOverride: {fileID: 0}
  m_ScaleInLightmap: 1
  m_ReceiveGI: 1
  m_PreserveUVs: 0
  m_IgnoreNormalsForChartDetection: 0
  m_ImportantGI: 0
  m_StitchLightmapSeams: 1
  m_SelectedEditorRenderState: 3
  m_MinimumChartSize: 4
  m_AutoUVMaxDistance: 0.5
  m_AutoUVMaxAngle: 89
  m_LightmapParameters: {fileID: 0}
  m_SortingLayerID: 0
  m_SortingLayer: 0
  m_SortingOrder: 0
  m_AdditionalVertexStreams: {fileID: 0}
--- !u!114 &1861004855067964693
MonoBehaviour:
  m_ObjectHideFlags: 0
  m_CorrespondingSourceObject: {fileID: 0}
  m_PrefabInstance: {fileID: 0}
  m_PrefabAsset: {fileID: 0}
  m_GameObject: {fileID: 1615004705552650129}
  m_Enabled: 1
  m_EditorHideFlags: 0
  m_Script: {fileID: 11500000, guid: 9541d86e2fd84c1d9990edf0852d74ab, type: 3}
  m_Name: 
  m_EditorClassIdentifier: 
  m_Material: {fileID: 0}
  m_Color: {r: 1, g: 1, b: 1, a: 1}
  m_RaycastTarget: 1
  m_RaycastPadding: {x: 0, y: 0, z: 0, w: 0}
  m_Maskable: 1
  m_OnCullStateChanged:
    m_PersistentCalls:
      m_Calls: []
  m_text: Answer
  m_isRightToLeft: 0
  m_fontAsset: {fileID: 11400000, guid: e09857a3dfcd1e84881556ab17e628f3, type: 2}
  m_sharedMaterial: {fileID: -3244010586110098770, guid: e09857a3dfcd1e84881556ab17e628f3, type: 2}
  m_fontSharedMaterials: []
  m_fontMaterial: {fileID: 0}
  m_fontMaterials: []
  m_fontColor32:
    serializedVersion: 2
    rgba: 4294967295
  m_fontColor: {r: 1, g: 1, b: 1, a: 1}
  m_enableVertexGradient: 0
  m_colorMode: 3
  m_fontColorGradient:
    topLeft: {r: 1, g: 1, b: 1, a: 1}
    topRight: {r: 1, g: 1, b: 1, a: 1}
    bottomLeft: {r: 1, g: 1, b: 1, a: 1}
    bottomRight: {r: 1, g: 1, b: 1, a: 1}
  m_fontColorGradientPreset: {fileID: 0}
  m_spriteAsset: {fileID: 0}
  m_tintAllSprites: 0
  m_StyleSheet: {fileID: 0}
  m_TextStyleHashCode: -1183493901
  m_overrideHtmlColors: 0
  m_faceColor:
    serializedVersion: 2
    rgba: 4294967295
  m_fontSize: 2.35
  m_fontSizeBase: 3
  m_fontWeight: 400
  m_enableAutoSizing: 1
  m_fontSizeMin: 1
  m_fontSizeMax: 3
  m_fontStyle: 0
  m_HorizontalAlignment: 2
  m_VerticalAlignment: 512
  m_textAlignment: 65535
  m_characterSpacing: 0
  m_wordSpacing: 0
  m_lineSpacing: 0
  m_lineSpacingMax: 0
  m_paragraphSpacing: 0
  m_charWidthMaxAdj: 0
  m_enableWordWrapping: 1
  m_wordWrappingRatios: 0.4
  m_overflowMode: 0
  m_linkedTextComponent: {fileID: 0}
  parentLinkedComponent: {fileID: 0}
  m_enableKerning: 1
  m_enableExtraPadding: 0
  checkPaddingRequired: 0
  m_isRichText: 1
  m_parseCtrlCharacters: 1
  m_isOrthographic: 0
  m_isCullingEnabled: 0
  m_horizontalMapping: 0
  m_verticalMapping: 0
  m_uvLineOffset: 0
  m_geometrySortingOrder: 0
  m_IsTextObjectScaleStatic: 0
  m_VertexBufferAutoSizeReduction: 0
  m_useMaxVisibleDescender: 1
  m_pageToDisplay: 1
  m_margin: {x: 9.6, y: 2, z: 9.6, w: 2}
  m_isUsingLegacyAnimationComponent: 0
  m_isVolumetricText: 0
  _SortingLayer: 0
  _SortingLayerID: 0
  _SortingOrder: 0
  m_hasFontAssetChanged: 0
  m_renderer: {fileID: 5099366727069227612}
  m_maskType: 0
--- !u!1 &2536513329892853910
GameObject:
  m_ObjectHideFlags: 0
  m_CorrespondingSourceObject: {fileID: 0}
  m_PrefabInstance: {fileID: 0}
  m_PrefabAsset: {fileID: 0}
  serializedVersion: 6
  m_Component:
  - component: {fileID: 8139595305144784279}
  - component: {fileID: 326172704571333681}
  - component: {fileID: 2589431065109164357}
  m_Layer: 0
  m_Name: Text (TMP)
  m_TagString: Untagged
  m_Icon: {fileID: 0}
  m_NavMeshLayer: 0
  m_StaticEditorFlags: 0
  m_IsActive: 1
--- !u!224 &8139595305144784279
RectTransform:
  m_ObjectHideFlags: 0
  m_CorrespondingSourceObject: {fileID: 0}
  m_PrefabInstance: {fileID: 0}
  m_PrefabAsset: {fileID: 0}
  m_GameObject: {fileID: 2536513329892853910}
  m_LocalRotation: {x: -0, y: 1, z: -0, w: 0}
  m_LocalPosition: {x: 0, y: 0, z: 0.00999999}
  m_LocalScale: {x: 0.39999998, y: 0.39999998, z: 0.01}
  m_ConstrainProportionsScale: 0
  m_Children: []
  m_Father: {fileID: 8246048140129334901}
  m_LocalEulerAnglesHint: {x: 0, y: 180, z: 0}
  m_AnchorMin: {x: 0.5, y: 0.5}
  m_AnchorMax: {x: 0.5, y: 0.5}
  m_AnchoredPosition: {x: 0, y: 0}
  m_SizeDelta: {x: 20, y: 5}
  m_Pivot: {x: 0.5, y: 0.5}
--- !u!23 &326172704571333681
MeshRenderer:
  m_ObjectHideFlags: 0
  m_CorrespondingSourceObject: {fileID: 0}
  m_PrefabInstance: {fileID: 0}
  m_PrefabAsset: {fileID: 0}
  m_GameObject: {fileID: 2536513329892853910}
  m_Enabled: 1
  m_CastShadows: 0
  m_ReceiveShadows: 0
  m_DynamicOccludee: 1
  m_StaticShadowCaster: 0
  m_MotionVectors: 1
  m_LightProbeUsage: 1
  m_ReflectionProbeUsage: 1
  m_RayTracingMode: 2
  m_RayTraceProcedural: 0
  m_RenderingLayerMask: 1
  m_RendererPriority: 0
  m_Materials:
  - {fileID: -3244010586110098770, guid: e09857a3dfcd1e84881556ab17e628f3, type: 2}
  m_StaticBatchInfo:
    firstSubMesh: 0
    subMeshCount: 0
  m_StaticBatchRoot: {fileID: 0}
  m_ProbeAnchor: {fileID: 0}
  m_LightProbeVolumeOverride: {fileID: 0}
  m_ScaleInLightmap: 1
  m_ReceiveGI: 1
  m_PreserveUVs: 0
  m_IgnoreNormalsForChartDetection: 0
  m_ImportantGI: 0
  m_StitchLightmapSeams: 1
  m_SelectedEditorRenderState: 3
  m_MinimumChartSize: 4
  m_AutoUVMaxDistance: 0.5
  m_AutoUVMaxAngle: 89
  m_LightmapParameters: {fileID: 0}
  m_SortingLayerID: 0
  m_SortingLayer: 0
  m_SortingOrder: 0
  m_AdditionalVertexStreams: {fileID: 0}
--- !u!114 &2589431065109164357
MonoBehaviour:
  m_ObjectHideFlags: 0
  m_CorrespondingSourceObject: {fileID: 0}
  m_PrefabInstance: {fileID: 0}
  m_PrefabAsset: {fileID: 0}
  m_GameObject: {fileID: 2536513329892853910}
  m_Enabled: 1
  m_EditorHideFlags: 0
  m_Script: {fileID: 11500000, guid: 9541d86e2fd84c1d9990edf0852d74ab, type: 3}
  m_Name: 
  m_EditorClassIdentifier: 
  m_Material: {fileID: 0}
  m_Color: {r: 1, g: 1, b: 1, a: 1}
  m_RaycastTarget: 1
  m_RaycastPadding: {x: 0, y: 0, z: 0, w: 0}
  m_Maskable: 1
  m_OnCullStateChanged:
    m_PersistentCalls:
      m_Calls: []
  m_text: Answer
  m_isRightToLeft: 0
  m_fontAsset: {fileID: 11400000, guid: e09857a3dfcd1e84881556ab17e628f3, type: 2}
  m_sharedMaterial: {fileID: -3244010586110098770, guid: e09857a3dfcd1e84881556ab17e628f3, type: 2}
  m_fontSharedMaterials: []
  m_fontMaterial: {fileID: 0}
  m_fontMaterials: []
  m_fontColor32:
    serializedVersion: 2
    rgba: 4294967295
  m_fontColor: {r: 1, g: 1, b: 1, a: 1}
  m_enableVertexGradient: 0
  m_colorMode: 3
  m_fontColorGradient:
    topLeft: {r: 1, g: 1, b: 1, a: 1}
    topRight: {r: 1, g: 1, b: 1, a: 1}
    bottomLeft: {r: 1, g: 1, b: 1, a: 1}
    bottomRight: {r: 1, g: 1, b: 1, a: 1}
  m_fontColorGradientPreset: {fileID: 0}
  m_spriteAsset: {fileID: 0}
  m_tintAllSprites: 0
  m_StyleSheet: {fileID: 0}
  m_TextStyleHashCode: -1183493901
  m_overrideHtmlColors: 0
  m_faceColor:
    serializedVersion: 2
    rgba: 4294967295
  m_fontSize: 2.35
  m_fontSizeBase: 3
  m_fontWeight: 400
  m_enableAutoSizing: 1
  m_fontSizeMin: 1
  m_fontSizeMax: 3
  m_fontStyle: 0
  m_HorizontalAlignment: 2
  m_VerticalAlignment: 512
  m_textAlignment: 65535
  m_characterSpacing: 0
  m_wordSpacing: 0
  m_lineSpacing: 0
  m_lineSpacingMax: 0
  m_paragraphSpacing: 0
  m_charWidthMaxAdj: 0
  m_enableWordWrapping: 1
  m_wordWrappingRatios: 0.4
  m_overflowMode: 0
  m_linkedTextComponent: {fileID: 0}
  parentLinkedComponent: {fileID: 0}
  m_enableKerning: 1
  m_enableExtraPadding: 0
  checkPaddingRequired: 0
  m_isRichText: 1
  m_parseCtrlCharacters: 1
  m_isOrthographic: 0
  m_isCullingEnabled: 0
  m_horizontalMapping: 0
  m_verticalMapping: 0
  m_uvLineOffset: 0
  m_geometrySortingOrder: 0
  m_IsTextObjectScaleStatic: 0
  m_VertexBufferAutoSizeReduction: 0
  m_useMaxVisibleDescender: 1
  m_pageToDisplay: 1
  m_margin: {x: 9.6, y: 2, z: 9.6, w: 2}
  m_isUsingLegacyAnimationComponent: 0
  m_isVolumetricText: 0
  _SortingLayer: 0
  _SortingLayerID: 0
  _SortingOrder: 0
  m_hasFontAssetChanged: 0
  m_renderer: {fileID: 326172704571333681}
  m_maskType: 0
--- !u!1 &5749269202389704730
GameObject:
  m_ObjectHideFlags: 0
  m_CorrespondingSourceObject: {fileID: 0}
  m_PrefabInstance: {fileID: 0}
  m_PrefabAsset: {fileID: 0}
  serializedVersion: 6
  m_Component:
  - component: {fileID: 2549125966463332358}
  - component: {fileID: 4942314338591580827}
  - component: {fileID: 8701370323754979900}
  m_Layer: 0
  m_Name: Text (TMP)
  m_TagString: Untagged
  m_Icon: {fileID: 0}
  m_NavMeshLayer: 0
  m_StaticEditorFlags: 0
  m_IsActive: 1
--- !u!224 &2549125966463332358
RectTransform:
  m_ObjectHideFlags: 0
  m_CorrespondingSourceObject: {fileID: 0}
  m_PrefabInstance: {fileID: 0}
  m_PrefabAsset: {fileID: 0}
  m_GameObject: {fileID: 5749269202389704730}
  m_LocalRotation: {x: -0, y: 1, z: -0, w: 0}
  m_LocalPosition: {x: 0, y: 0, z: 0.00999999}
  m_LocalScale: {x: 0.4, y: 0.4, z: 0.01}
  m_ConstrainProportionsScale: 0
  m_Children: []
  m_Father: {fileID: 8246048141374001860}
  m_LocalEulerAnglesHint: {x: 0, y: 180, z: 0}
  m_AnchorMin: {x: 0.5, y: 0.5}
  m_AnchorMax: {x: 0.5, y: 0.5}
  m_AnchoredPosition: {x: 0, y: 0}
  m_SizeDelta: {x: 20, y: 5}
  m_Pivot: {x: 0.5, y: 0.5}
--- !u!23 &4942314338591580827
MeshRenderer:
  m_ObjectHideFlags: 0
  m_CorrespondingSourceObject: {fileID: 0}
  m_PrefabInstance: {fileID: 0}
  m_PrefabAsset: {fileID: 0}
  m_GameObject: {fileID: 5749269202389704730}
  m_Enabled: 1
  m_CastShadows: 0
  m_ReceiveShadows: 0
  m_DynamicOccludee: 1
  m_StaticShadowCaster: 0
  m_MotionVectors: 1
  m_LightProbeUsage: 1
  m_ReflectionProbeUsage: 1
  m_RayTracingMode: 2
  m_RayTraceProcedural: 0
  m_RenderingLayerMask: 1
  m_RendererPriority: 0
  m_Materials:
  - {fileID: -3244010586110098770, guid: e09857a3dfcd1e84881556ab17e628f3, type: 2}
  m_StaticBatchInfo:
    firstSubMesh: 0
    subMeshCount: 0
  m_StaticBatchRoot: {fileID: 0}
  m_ProbeAnchor: {fileID: 0}
  m_LightProbeVolumeOverride: {fileID: 0}
  m_ScaleInLightmap: 1
  m_ReceiveGI: 1
  m_PreserveUVs: 0
  m_IgnoreNormalsForChartDetection: 0
  m_ImportantGI: 0
  m_StitchLightmapSeams: 1
  m_SelectedEditorRenderState: 3
  m_MinimumChartSize: 4
  m_AutoUVMaxDistance: 0.5
  m_AutoUVMaxAngle: 89
  m_LightmapParameters: {fileID: 0}
  m_SortingLayerID: 0
  m_SortingLayer: 0
  m_SortingOrder: 0
  m_AdditionalVertexStreams: {fileID: 0}
--- !u!114 &8701370323754979900
MonoBehaviour:
  m_ObjectHideFlags: 0
  m_CorrespondingSourceObject: {fileID: 0}
  m_PrefabInstance: {fileID: 0}
  m_PrefabAsset: {fileID: 0}
  m_GameObject: {fileID: 5749269202389704730}
  m_Enabled: 1
  m_EditorHideFlags: 0
  m_Script: {fileID: 11500000, guid: 9541d86e2fd84c1d9990edf0852d74ab, type: 3}
  m_Name: 
  m_EditorClassIdentifier: 
  m_Material: {fileID: 0}
  m_Color: {r: 1, g: 1, b: 1, a: 1}
  m_RaycastTarget: 1
  m_RaycastPadding: {x: 0, y: 0, z: 0, w: 0}
  m_Maskable: 1
  m_OnCullStateChanged:
    m_PersistentCalls:
      m_Calls: []
  m_text: Answer
  m_isRightToLeft: 0
  m_fontAsset: {fileID: 11400000, guid: e09857a3dfcd1e84881556ab17e628f3, type: 2}
  m_sharedMaterial: {fileID: -3244010586110098770, guid: e09857a3dfcd1e84881556ab17e628f3, type: 2}
  m_fontSharedMaterials: []
  m_fontMaterial: {fileID: 0}
  m_fontMaterials: []
  m_fontColor32:
    serializedVersion: 2
    rgba: 4294967295
  m_fontColor: {r: 1, g: 1, b: 1, a: 1}
  m_enableVertexGradient: 0
  m_colorMode: 3
  m_fontColorGradient:
    topLeft: {r: 1, g: 1, b: 1, a: 1}
    topRight: {r: 1, g: 1, b: 1, a: 1}
    bottomLeft: {r: 1, g: 1, b: 1, a: 1}
    bottomRight: {r: 1, g: 1, b: 1, a: 1}
  m_fontColorGradientPreset: {fileID: 0}
  m_spriteAsset: {fileID: 0}
  m_tintAllSprites: 0
  m_StyleSheet: {fileID: 0}
  m_TextStyleHashCode: -1183493901
  m_overrideHtmlColors: 0
  m_faceColor:
    serializedVersion: 2
    rgba: 4294967295
  m_fontSize: 2.35
  m_fontSizeBase: 3
  m_fontWeight: 400
  m_enableAutoSizing: 1
  m_fontSizeMin: 1
  m_fontSizeMax: 3
  m_fontStyle: 0
  m_HorizontalAlignment: 2
  m_VerticalAlignment: 512
  m_textAlignment: 65535
  m_characterSpacing: 0
  m_wordSpacing: 0
  m_lineSpacing: 0
  m_lineSpacingMax: 0
  m_paragraphSpacing: 0
  m_charWidthMaxAdj: 0
  m_enableWordWrapping: 1
  m_wordWrappingRatios: 0.4
  m_overflowMode: 0
  m_linkedTextComponent: {fileID: 0}
  parentLinkedComponent: {fileID: 0}
  m_enableKerning: 1
  m_enableExtraPadding: 0
  checkPaddingRequired: 0
  m_isRichText: 1
  m_parseCtrlCharacters: 1
  m_isOrthographic: 0
  m_isCullingEnabled: 0
  m_horizontalMapping: 0
  m_verticalMapping: 0
  m_uvLineOffset: 0
  m_geometrySortingOrder: 0
  m_IsTextObjectScaleStatic: 0
  m_VertexBufferAutoSizeReduction: 0
  m_useMaxVisibleDescender: 1
  m_pageToDisplay: 1
  m_margin: {x: 9.6, y: 2, z: 9.6, w: 2}
  m_isUsingLegacyAnimationComponent: 0
  m_isVolumetricText: 0
  _SortingLayer: 0
  _SortingLayerID: 0
  _SortingOrder: 0
  m_hasFontAssetChanged: 0
  m_renderer: {fileID: 4942314338591580827}
  m_maskType: 0
--- !u!1 &6820638814766978576
GameObject:
  m_ObjectHideFlags: 0
  m_CorrespondingSourceObject: {fileID: 0}
  m_PrefabInstance: {fileID: 0}
  m_PrefabAsset: {fileID: 0}
  serializedVersion: 6
  m_Component:
  - component: {fileID: 9004143396105304194}
  - component: {fileID: 6227931325134142935}
  - component: {fileID: 303497072720919425}
  m_Layer: 0
  m_Name: Text (TMP)
  m_TagString: Untagged
  m_Icon: {fileID: 0}
  m_NavMeshLayer: 0
  m_StaticEditorFlags: 0
  m_IsActive: 1
--- !u!224 &9004143396105304194
RectTransform:
  m_ObjectHideFlags: 0
  m_CorrespondingSourceObject: {fileID: 0}
  m_PrefabInstance: {fileID: 0}
  m_PrefabAsset: {fileID: 0}
  m_GameObject: {fileID: 6820638814766978576}
  m_LocalRotation: {x: -0, y: 1, z: -0, w: 0}
  m_LocalPosition: {x: 0, y: 0, z: 0.00999999}
  m_LocalScale: {x: 0.39999998, y: 0.39999998, z: 0.01}
  m_ConstrainProportionsScale: 0
  m_Children: []
  m_Father: {fileID: 8246048139998719258}
  m_LocalEulerAnglesHint: {x: 0, y: 180, z: 0}
  m_AnchorMin: {x: 0.5, y: 0.5}
  m_AnchorMax: {x: 0.5, y: 0.5}
  m_AnchoredPosition: {x: 0, y: 0}
  m_SizeDelta: {x: 20, y: 5}
  m_Pivot: {x: 0.5, y: 0.5}
--- !u!23 &6227931325134142935
MeshRenderer:
  m_ObjectHideFlags: 0
  m_CorrespondingSourceObject: {fileID: 0}
  m_PrefabInstance: {fileID: 0}
  m_PrefabAsset: {fileID: 0}
  m_GameObject: {fileID: 6820638814766978576}
  m_Enabled: 1
  m_CastShadows: 0
  m_ReceiveShadows: 0
  m_DynamicOccludee: 1
  m_StaticShadowCaster: 0
  m_MotionVectors: 1
  m_LightProbeUsage: 1
  m_ReflectionProbeUsage: 1
  m_RayTracingMode: 2
  m_RayTraceProcedural: 0
  m_RenderingLayerMask: 1
  m_RendererPriority: 0
  m_Materials:
  - {fileID: -3244010586110098770, guid: e09857a3dfcd1e84881556ab17e628f3, type: 2}
  m_StaticBatchInfo:
    firstSubMesh: 0
    subMeshCount: 0
  m_StaticBatchRoot: {fileID: 0}
  m_ProbeAnchor: {fileID: 0}
  m_LightProbeVolumeOverride: {fileID: 0}
  m_ScaleInLightmap: 1
  m_ReceiveGI: 1
  m_PreserveUVs: 0
  m_IgnoreNormalsForChartDetection: 0
  m_ImportantGI: 0
  m_StitchLightmapSeams: 1
  m_SelectedEditorRenderState: 3
  m_MinimumChartSize: 4
  m_AutoUVMaxDistance: 0.5
  m_AutoUVMaxAngle: 89
  m_LightmapParameters: {fileID: 0}
  m_SortingLayerID: 0
  m_SortingLayer: 0
  m_SortingOrder: 0
  m_AdditionalVertexStreams: {fileID: 0}
--- !u!114 &303497072720919425
MonoBehaviour:
  m_ObjectHideFlags: 0
  m_CorrespondingSourceObject: {fileID: 0}
  m_PrefabInstance: {fileID: 0}
  m_PrefabAsset: {fileID: 0}
  m_GameObject: {fileID: 6820638814766978576}
  m_Enabled: 1
  m_EditorHideFlags: 0
  m_Script: {fileID: 11500000, guid: 9541d86e2fd84c1d9990edf0852d74ab, type: 3}
  m_Name: 
  m_EditorClassIdentifier: 
  m_Material: {fileID: 0}
  m_Color: {r: 1, g: 1, b: 1, a: 1}
  m_RaycastTarget: 1
  m_RaycastPadding: {x: 0, y: 0, z: 0, w: 0}
  m_Maskable: 1
  m_OnCullStateChanged:
    m_PersistentCalls:
      m_Calls: []
  m_text: Answer
  m_isRightToLeft: 0
  m_fontAsset: {fileID: 11400000, guid: e09857a3dfcd1e84881556ab17e628f3, type: 2}
  m_sharedMaterial: {fileID: -3244010586110098770, guid: e09857a3dfcd1e84881556ab17e628f3, type: 2}
  m_fontSharedMaterials: []
  m_fontMaterial: {fileID: 0}
  m_fontMaterials: []
  m_fontColor32:
    serializedVersion: 2
    rgba: 4294967295
  m_fontColor: {r: 1, g: 1, b: 1, a: 1}
  m_enableVertexGradient: 0
  m_colorMode: 3
  m_fontColorGradient:
    topLeft: {r: 1, g: 1, b: 1, a: 1}
    topRight: {r: 1, g: 1, b: 1, a: 1}
    bottomLeft: {r: 1, g: 1, b: 1, a: 1}
    bottomRight: {r: 1, g: 1, b: 1, a: 1}
  m_fontColorGradientPreset: {fileID: 0}
  m_spriteAsset: {fileID: 0}
  m_tintAllSprites: 0
  m_StyleSheet: {fileID: 0}
  m_TextStyleHashCode: -1183493901
  m_overrideHtmlColors: 0
  m_faceColor:
    serializedVersion: 2
    rgba: 4294967295
  m_fontSize: 2.35
  m_fontSizeBase: 3
  m_fontWeight: 400
  m_enableAutoSizing: 1
  m_fontSizeMin: 1
  m_fontSizeMax: 3
  m_fontStyle: 0
  m_HorizontalAlignment: 2
  m_VerticalAlignment: 512
  m_textAlignment: 65535
  m_characterSpacing: 0
  m_wordSpacing: 0
  m_lineSpacing: 0
  m_lineSpacingMax: 0
  m_paragraphSpacing: 0
  m_charWidthMaxAdj: 0
  m_enableWordWrapping: 1
  m_wordWrappingRatios: 0.4
  m_overflowMode: 0
  m_linkedTextComponent: {fileID: 0}
  parentLinkedComponent: {fileID: 0}
  m_enableKerning: 1
  m_enableExtraPadding: 0
  checkPaddingRequired: 0
  m_isRichText: 1
  m_parseCtrlCharacters: 1
  m_isOrthographic: 0
  m_isCullingEnabled: 0
  m_horizontalMapping: 0
  m_verticalMapping: 0
  m_uvLineOffset: 0
  m_geometrySortingOrder: 0
  m_IsTextObjectScaleStatic: 0
  m_VertexBufferAutoSizeReduction: 0
  m_useMaxVisibleDescender: 1
  m_pageToDisplay: 1
  m_margin: {x: 9.6, y: 2, z: 9.6, w: 2}
  m_isUsingLegacyAnimationComponent: 0
  m_isVolumetricText: 0
  _SortingLayer: 0
  _SortingLayerID: 0
  _SortingOrder: 0
  m_hasFontAssetChanged: 0
  m_renderer: {fileID: 6227931325134142935}
  m_maskType: 0
--- !u!1001 &7819888774300188443
PrefabInstance:
  m_ObjectHideFlags: 0
  serializedVersion: 2
  m_Modification:
    serializedVersion: 3
    m_TransformParent: {fileID: 0}
    m_Modifications:
    - target: {fileID: 493673936925962144, guid: 2e9cfe025eed91d4b96f14bf70c70df9, type: 3}
      propertyPath: m_LocalScale.x
      value: 1
      objectReference: {fileID: 0}
    - target: {fileID: 493673936925962144, guid: 2e9cfe025eed91d4b96f14bf70c70df9, type: 3}
      propertyPath: m_LocalScale.y
      value: 1
      objectReference: {fileID: 0}
    - target: {fileID: 493673936925962144, guid: 2e9cfe025eed91d4b96f14bf70c70df9, type: 3}
      propertyPath: m_LocalScale.z
      value: 1
      objectReference: {fileID: 0}
    - target: {fileID: 2227604444089664976, guid: 2e9cfe025eed91d4b96f14bf70c70df9, type: 3}
      propertyPath: m_IsActive
      value: 1
      objectReference: {fileID: 0}
    - target: {fileID: 2227604444089664977, guid: 2e9cfe025eed91d4b96f14bf70c70df9, type: 3}
      propertyPath: m_LocalScale.x
      value: 0
      objectReference: {fileID: 0}
    - target: {fileID: 2227604444089664977, guid: 2e9cfe025eed91d4b96f14bf70c70df9, type: 3}
      propertyPath: m_LocalScale.y
      value: 0
      objectReference: {fileID: 0}
    - target: {fileID: 2227604444089664977, guid: 2e9cfe025eed91d4b96f14bf70c70df9, type: 3}
      propertyPath: m_LocalScale.z
      value: 0
      objectReference: {fileID: 0}
    - target: {fileID: 2227604444089664982, guid: 2e9cfe025eed91d4b96f14bf70c70df9, type: 3}
      propertyPath: m_Enabled
      value: 0
      objectReference: {fileID: 0}
    - target: {fileID: 2227604444142407882, guid: 2e9cfe025eed91d4b96f14bf70c70df9, type: 3}
      propertyPath: m_text
      value: 
      objectReference: {fileID: 0}
    - target: {fileID: 2227604444142407882, guid: 2e9cfe025eed91d4b96f14bf70c70df9, type: 3}
      propertyPath: m_fontSize
      value: 36
      objectReference: {fileID: 0}
    - target: {fileID: 2227604444142407882, guid: 2e9cfe025eed91d4b96f14bf70c70df9, type: 3}
      propertyPath: m_margin.w
      value: 27.8
      objectReference: {fileID: 0}
    - target: {fileID: 2227604444142407882, guid: 2e9cfe025eed91d4b96f14bf70c70df9, type: 3}
      propertyPath: m_margin.x
      value: 78.7
      objectReference: {fileID: 0}
    - target: {fileID: 2227604444142407882, guid: 2e9cfe025eed91d4b96f14bf70c70df9, type: 3}
      propertyPath: m_margin.y
      value: 25.94
      objectReference: {fileID: 0}
    - target: {fileID: 2227604444142407882, guid: 2e9cfe025eed91d4b96f14bf70c70df9, type: 3}
      propertyPath: m_margin.z
      value: 97.4
      objectReference: {fileID: 0}
    - target: {fileID: 2227604444142407882, guid: 2e9cfe025eed91d4b96f14bf70c70df9, type: 3}
      propertyPath: m_fontSizeMin
      value: 1
      objectReference: {fileID: 0}
    - target: {fileID: 2227604444142407882, guid: 2e9cfe025eed91d4b96f14bf70c70df9, type: 3}
      propertyPath: m_characterSpacing
      value: -10.45
      objectReference: {fileID: 0}
    - target: {fileID: 2227604444142407882, guid: 2e9cfe025eed91d4b96f14bf70c70df9, type: 3}
      propertyPath: m_enableAutoSizing
      value: 1
      objectReference: {fileID: 0}
    - target: {fileID: 2227604444142407893, guid: 2e9cfe025eed91d4b96f14bf70c70df9, type: 3}
      propertyPath: m_LocalScale.x
      value: 3
      objectReference: {fileID: 0}
    - target: {fileID: 2227604444142407893, guid: 2e9cfe025eed91d4b96f14bf70c70df9, type: 3}
      propertyPath: m_LocalScale.y
      value: 1
      objectReference: {fileID: 0}
    - target: {fileID: 2227604444142407893, guid: 2e9cfe025eed91d4b96f14bf70c70df9, type: 3}
      propertyPath: m_LocalScale.z
      value: 1
      objectReference: {fileID: 0}
    - target: {fileID: 2227604444142407893, guid: 2e9cfe025eed91d4b96f14bf70c70df9, type: 3}
      propertyPath: m_LocalPosition.z
      value: 0.007999454
      objectReference: {fileID: 0}
    - target: {fileID: 2227604444142407893, guid: 2e9cfe025eed91d4b96f14bf70c70df9, type: 3}
      propertyPath: m_LocalRotation.w
      value: 0
      objectReference: {fileID: 0}
    - target: {fileID: 2227604444142407893, guid: 2e9cfe025eed91d4b96f14bf70c70df9, type: 3}
      propertyPath: m_LocalRotation.y
      value: 1
      objectReference: {fileID: 0}
    - target: {fileID: 2227604444142407893, guid: 2e9cfe025eed91d4b96f14bf70c70df9, type: 3}
      propertyPath: m_AnchoredPosition.x
      value: -27.700045
      objectReference: {fileID: 0}
    - target: {fileID: 2227604444142407893, guid: 2e9cfe025eed91d4b96f14bf70c70df9, type: 3}
      propertyPath: m_AnchoredPosition.y
      value: -1.250001
      objectReference: {fileID: 0}
    - target: {fileID: 2227604444142407893, guid: 2e9cfe025eed91d4b96f14bf70c70df9, type: 3}
      propertyPath: m_LocalEulerAnglesHint.y
      value: 180
      objectReference: {fileID: 0}
    - target: {fileID: 2227604444200321895, guid: 2e9cfe025eed91d4b96f14bf70c70df9, type: 3}
      propertyPath: m_LocalScale.x
      value: 0.4
      objectReference: {fileID: 0}
    - target: {fileID: 2227604444200321895, guid: 2e9cfe025eed91d4b96f14bf70c70df9, type: 3}
      propertyPath: m_LocalScale.y
      value: 0.4
      objectReference: {fileID: 0}
    - target: {fileID: 2227604444200321895, guid: 2e9cfe025eed91d4b96f14bf70c70df9, type: 3}
      propertyPath: m_LocalScale.z
      value: 0.01
      objectReference: {fileID: 0}
    - target: {fileID: 2227604444224670048, guid: 2e9cfe025eed91d4b96f14bf70c70df9, type: 3}
      propertyPath: m_Size.x
      value: 0.4
      objectReference: {fileID: 0}
    - target: {fileID: 2227604444224670048, guid: 2e9cfe025eed91d4b96f14bf70c70df9, type: 3}
      propertyPath: m_Size.y
      value: 0.4
      objectReference: {fileID: 0}
    - target: {fileID: 2227604444224670048, guid: 2e9cfe025eed91d4b96f14bf70c70df9, type: 3}
      propertyPath: m_Size.z
      value: 0.001
      objectReference: {fileID: 0}
    - target: {fileID: 2227604444224670049, guid: 2e9cfe025eed91d4b96f14bf70c70df9, type: 3}
      propertyPath: answerText
      value: 
      objectReference: {fileID: 8802963574755438920}
    - target: {fileID: 2227604444224670051, guid: 2e9cfe025eed91d4b96f14bf70c70df9, type: 3}
      propertyPath: profile
      value: 
      objectReference: {fileID: 11400000, guid: df0befdd2046b064ea5b4d958b6ec595, type: 2}
    - target: {fileID: 2227604444224670051, guid: 2e9cfe025eed91d4b96f14bf70c70df9, type: 3}
      propertyPath: serializationData.Prefab
      value: 
      objectReference: {fileID: 2227604444224670051, guid: 2e9cfe025eed91d4b96f14bf70c70df9, type: 3}
    - target: {fileID: 2227604444224670061, guid: 2e9cfe025eed91d4b96f14bf70c70df9, type: 3}
      propertyPath: objectProfile
      value: 
      objectReference: {fileID: 11400000, guid: df0befdd2046b064ea5b4d958b6ec595, type: 2}
    - target: {fileID: 2227604444224670062, guid: 2e9cfe025eed91d4b96f14bf70c70df9, type: 3}
      propertyPath: m_LocalScale.x
      value: 1
      objectReference: {fileID: 0}
    - target: {fileID: 2227604444224670062, guid: 2e9cfe025eed91d4b96f14bf70c70df9, type: 3}
      propertyPath: m_LocalScale.y
      value: 1
      objectReference: {fileID: 0}
    - target: {fileID: 2227604444224670062, guid: 2e9cfe025eed91d4b96f14bf70c70df9, type: 3}
      propertyPath: m_LocalScale.z
      value: 1
      objectReference: {fileID: 0}
    - target: {fileID: 2227604444224670063, guid: 2e9cfe025eed91d4b96f14bf70c70df9, type: 3}
      propertyPath: sceneViewId
      value: 0
      objectReference: {fileID: 0}
    - target: {fileID: 2227604444340927004, guid: 2e9cfe025eed91d4b96f14bf70c70df9, type: 3}
      propertyPath: m_LocalScale.x
      value: 3
      objectReference: {fileID: 0}
    - target: {fileID: 2227604444340927004, guid: 2e9cfe025eed91d4b96f14bf70c70df9, type: 3}
      propertyPath: m_LocalScale.y
      value: 1
      objectReference: {fileID: 0}
    - target: {fileID: 2227604444340927004, guid: 2e9cfe025eed91d4b96f14bf70c70df9, type: 3}
      propertyPath: m_LocalScale.z
      value: 1
      objectReference: {fileID: 0}
    - target: {fileID: 2227604444340927004, guid: 2e9cfe025eed91d4b96f14bf70c70df9, type: 3}
      propertyPath: m_LocalPosition.z
      value: 0.007999454
      objectReference: {fileID: 0}
    - target: {fileID: 2227604444340927004, guid: 2e9cfe025eed91d4b96f14bf70c70df9, type: 3}
      propertyPath: m_LocalRotation.w
      value: 0
      objectReference: {fileID: 0}
    - target: {fileID: 2227604444340927004, guid: 2e9cfe025eed91d4b96f14bf70c70df9, type: 3}
      propertyPath: m_LocalRotation.y
      value: 1
      objectReference: {fileID: 0}
    - target: {fileID: 2227604444340927004, guid: 2e9cfe025eed91d4b96f14bf70c70df9, type: 3}
      propertyPath: m_AnchoredPosition.x
      value: -27.700045
      objectReference: {fileID: 0}
    - target: {fileID: 2227604444340927004, guid: 2e9cfe025eed91d4b96f14bf70c70df9, type: 3}
      propertyPath: m_AnchoredPosition.y
      value: -1.250001
      objectReference: {fileID: 0}
    - target: {fileID: 2227604444340927004, guid: 2e9cfe025eed91d4b96f14bf70c70df9, type: 3}
      propertyPath: m_LocalEulerAnglesHint.y
      value: 180
      objectReference: {fileID: 0}
    - target: {fileID: 2227604444340927005, guid: 2e9cfe025eed91d4b96f14bf70c70df9, type: 3}
      propertyPath: m_text
      value: 
      objectReference: {fileID: 0}
    - target: {fileID: 2227604444340927005, guid: 2e9cfe025eed91d4b96f14bf70c70df9, type: 3}
      propertyPath: m_fontSize
      value: 36
      objectReference: {fileID: 0}
    - target: {fileID: 2227604444340927005, guid: 2e9cfe025eed91d4b96f14bf70c70df9, type: 3}
      propertyPath: m_margin.w
      value: 27.8
      objectReference: {fileID: 0}
    - target: {fileID: 2227604444340927005, guid: 2e9cfe025eed91d4b96f14bf70c70df9, type: 3}
      propertyPath: m_margin.x
      value: 78.7
      objectReference: {fileID: 0}
    - target: {fileID: 2227604444340927005, guid: 2e9cfe025eed91d4b96f14bf70c70df9, type: 3}
      propertyPath: m_margin.y
      value: 25.94
      objectReference: {fileID: 0}
    - target: {fileID: 2227604444340927005, guid: 2e9cfe025eed91d4b96f14bf70c70df9, type: 3}
      propertyPath: m_margin.z
      value: 97.4
      objectReference: {fileID: 0}
    - target: {fileID: 2227604444340927005, guid: 2e9cfe025eed91d4b96f14bf70c70df9, type: 3}
      propertyPath: m_fontSizeMin
      value: 1
      objectReference: {fileID: 0}
    - target: {fileID: 2227604444340927005, guid: 2e9cfe025eed91d4b96f14bf70c70df9, type: 3}
      propertyPath: m_characterSpacing
      value: -10.45
      objectReference: {fileID: 0}
    - target: {fileID: 2227604444340927005, guid: 2e9cfe025eed91d4b96f14bf70c70df9, type: 3}
      propertyPath: m_enableAutoSizing
      value: 1
      objectReference: {fileID: 0}
    - target: {fileID: 2227604444363543041, guid: 2e9cfe025eed91d4b96f14bf70c70df9, type: 3}
      propertyPath: m_LocalScale.x
      value: 1
      objectReference: {fileID: 0}
    - target: {fileID: 2227604444363543041, guid: 2e9cfe025eed91d4b96f14bf70c70df9, type: 3}
      propertyPath: m_LocalScale.y
      value: 1
      objectReference: {fileID: 0}
    - target: {fileID: 2227604444363543041, guid: 2e9cfe025eed91d4b96f14bf70c70df9, type: 3}
      propertyPath: m_LocalScale.z
      value: 1
      objectReference: {fileID: 0}
    - target: {fileID: 2227604444363543044, guid: 2e9cfe025eed91d4b96f14bf70c70df9, type: 3}
      propertyPath: objectProfile
      value: 
      objectReference: {fileID: 11400000, guid: df0befdd2046b064ea5b4d958b6ec595, type: 2}
    - target: {fileID: 2227604444363543046, guid: 2e9cfe025eed91d4b96f14bf70c70df9, type: 3}
      propertyPath: sceneViewId
      value: 0
      objectReference: {fileID: 0}
    - target: {fileID: 2227604444363543096, guid: 2e9cfe025eed91d4b96f14bf70c70df9, type: 3}
      propertyPath: answerText
      value: 
      objectReference: {fileID: 6718103001890343580}
    - target: {fileID: 2227604444363543098, guid: 2e9cfe025eed91d4b96f14bf70c70df9, type: 3}
      propertyPath: profile
      value: 
      objectReference: {fileID: 11400000, guid: df0befdd2046b064ea5b4d958b6ec595, type: 2}
    - target: {fileID: 2227604444363543098, guid: 2e9cfe025eed91d4b96f14bf70c70df9, type: 3}
      propertyPath: serializationData.Prefab
      value: 
      objectReference: {fileID: 2227604444363543098, guid: 2e9cfe025eed91d4b96f14bf70c70df9, type: 3}
    - target: {fileID: 2227604444363543099, guid: 2e9cfe025eed91d4b96f14bf70c70df9, type: 3}
      propertyPath: m_Size.x
      value: 0.4
      objectReference: {fileID: 0}
    - target: {fileID: 2227604444363543099, guid: 2e9cfe025eed91d4b96f14bf70c70df9, type: 3}
      propertyPath: m_Size.y
      value: 0.4
      objectReference: {fileID: 0}
    - target: {fileID: 2227604444363543099, guid: 2e9cfe025eed91d4b96f14bf70c70df9, type: 3}
      propertyPath: m_Size.z
      value: 0.001
      objectReference: {fileID: 0}
    - target: {fileID: 2227604444473750434, guid: 2e9cfe025eed91d4b96f14bf70c70df9, type: 3}
      propertyPath: m_LocalPosition.z
      value: -0
      objectReference: {fileID: 0}
    - target: {fileID: 2227604444473750434, guid: 2e9cfe025eed91d4b96f14bf70c70df9, type: 3}
      propertyPath: m_LocalRotation.w
      value: 0.99488604
      objectReference: {fileID: 0}
    - target: {fileID: 2227604444473750434, guid: 2e9cfe025eed91d4b96f14bf70c70df9, type: 3}
      propertyPath: m_LocalRotation.x
      value: -0.000000014901159
      objectReference: {fileID: 0}
    - target: {fileID: 2227604444473750434, guid: 2e9cfe025eed91d4b96f14bf70c70df9, type: 3}
      propertyPath: m_LocalRotation.z
      value: 0.10100385
      objectReference: {fileID: 0}
    - target: {fileID: 2227604444473750434, guid: 2e9cfe025eed91d4b96f14bf70c70df9, type: 3}
      propertyPath: m_AnchoredPosition.x
      value: -34.8
      objectReference: {fileID: 0}
    - target: {fileID: 2227604444473750434, guid: 2e9cfe025eed91d4b96f14bf70c70df9, type: 3}
      propertyPath: m_AnchoredPosition.y
      value: 14.9
      objectReference: {fileID: 0}
    - target: {fileID: 2227604444473750434, guid: 2e9cfe025eed91d4b96f14bf70c70df9, type: 3}
      propertyPath: m_LocalEulerAnglesHint.z
      value: 11.594
      objectReference: {fileID: 0}
    - target: {fileID: 2227604444635245298, guid: 2e9cfe025eed91d4b96f14bf70c70df9, type: 3}
      propertyPath: m_LocalScale.x
      value: 0
      objectReference: {fileID: 0}
    - target: {fileID: 2227604444635245298, guid: 2e9cfe025eed91d4b96f14bf70c70df9, type: 3}
      propertyPath: m_LocalScale.y
      value: 0
      objectReference: {fileID: 0}
    - target: {fileID: 2227604444635245298, guid: 2e9cfe025eed91d4b96f14bf70c70df9, type: 3}
      propertyPath: m_LocalScale.z
      value: 0
      objectReference: {fileID: 0}
    - target: {fileID: 2227604444635245299, guid: 2e9cfe025eed91d4b96f14bf70c70df9, type: 3}
      propertyPath: m_Enabled
      value: 0
      objectReference: {fileID: 0}
    - target: {fileID: 2227604444635245309, guid: 2e9cfe025eed91d4b96f14bf70c70df9, type: 3}
      propertyPath: m_IsActive
      value: 1
      objectReference: {fileID: 0}
    - target: {fileID: 2227604444638174866, guid: 2e9cfe025eed91d4b96f14bf70c70df9, type: 3}
      propertyPath: m_LocalScale.x
      value: 0.4
      objectReference: {fileID: 0}
    - target: {fileID: 2227604444638174866, guid: 2e9cfe025eed91d4b96f14bf70c70df9, type: 3}
      propertyPath: m_LocalScale.y
      value: 0.4
      objectReference: {fileID: 0}
    - target: {fileID: 2227604444638174866, guid: 2e9cfe025eed91d4b96f14bf70c70df9, type: 3}
      propertyPath: m_LocalScale.z
      value: 0.01
      objectReference: {fileID: 0}
    - target: {fileID: 2227604444714158217, guid: 2e9cfe025eed91d4b96f14bf70c70df9, type: 3}
      propertyPath: m_LocalScale.x
      value: 3
      objectReference: {fileID: 0}
    - target: {fileID: 2227604444714158217, guid: 2e9cfe025eed91d4b96f14bf70c70df9, type: 3}
      propertyPath: m_LocalScale.y
      value: 1
      objectReference: {fileID: 0}
    - target: {fileID: 2227604444714158217, guid: 2e9cfe025eed91d4b96f14bf70c70df9, type: 3}
      propertyPath: m_LocalScale.z
      value: 1
      objectReference: {fileID: 0}
    - target: {fileID: 2227604444714158217, guid: 2e9cfe025eed91d4b96f14bf70c70df9, type: 3}
      propertyPath: m_LocalPosition.z
      value: 0.008
      objectReference: {fileID: 0}
    - target: {fileID: 2227604444714158217, guid: 2e9cfe025eed91d4b96f14bf70c70df9, type: 3}
      propertyPath: m_LocalRotation.w
      value: 0
      objectReference: {fileID: 0}
    - target: {fileID: 2227604444714158217, guid: 2e9cfe025eed91d4b96f14bf70c70df9, type: 3}
      propertyPath: m_LocalRotation.y
      value: 1
      objectReference: {fileID: 0}
    - target: {fileID: 2227604444714158217, guid: 2e9cfe025eed91d4b96f14bf70c70df9, type: 3}
      propertyPath: m_AnchoredPosition.x
      value: -27.7
      objectReference: {fileID: 0}
    - target: {fileID: 2227604444714158217, guid: 2e9cfe025eed91d4b96f14bf70c70df9, type: 3}
      propertyPath: m_AnchoredPosition.y
      value: -1.25
      objectReference: {fileID: 0}
    - target: {fileID: 2227604444714158217, guid: 2e9cfe025eed91d4b96f14bf70c70df9, type: 3}
      propertyPath: m_LocalEulerAnglesHint.y
      value: 180
      objectReference: {fileID: 0}
    - target: {fileID: 2227604444714158222, guid: 2e9cfe025eed91d4b96f14bf70c70df9, type: 3}
      propertyPath: m_text
      value: 
      objectReference: {fileID: 0}
    - target: {fileID: 2227604444714158222, guid: 2e9cfe025eed91d4b96f14bf70c70df9, type: 3}
      propertyPath: m_fontSize
      value: 36
      objectReference: {fileID: 0}
    - target: {fileID: 2227604444714158222, guid: 2e9cfe025eed91d4b96f14bf70c70df9, type: 3}
      propertyPath: m_margin.w
      value: 27.8
      objectReference: {fileID: 0}
    - target: {fileID: 2227604444714158222, guid: 2e9cfe025eed91d4b96f14bf70c70df9, type: 3}
      propertyPath: m_margin.x
      value: 78.7
      objectReference: {fileID: 0}
    - target: {fileID: 2227604444714158222, guid: 2e9cfe025eed91d4b96f14bf70c70df9, type: 3}
      propertyPath: m_margin.y
      value: 25.94
      objectReference: {fileID: 0}
    - target: {fileID: 2227604444714158222, guid: 2e9cfe025eed91d4b96f14bf70c70df9, type: 3}
      propertyPath: m_margin.z
      value: 97.4
      objectReference: {fileID: 0}
    - target: {fileID: 2227604444714158222, guid: 2e9cfe025eed91d4b96f14bf70c70df9, type: 3}
      propertyPath: m_fontSizeMin
      value: 1
      objectReference: {fileID: 0}
    - target: {fileID: 2227604444714158222, guid: 2e9cfe025eed91d4b96f14bf70c70df9, type: 3}
      propertyPath: m_characterSpacing
      value: -10.45
      objectReference: {fileID: 0}
    - target: {fileID: 2227604444714158222, guid: 2e9cfe025eed91d4b96f14bf70c70df9, type: 3}
      propertyPath: m_enableAutoSizing
      value: 1
      objectReference: {fileID: 0}
    - target: {fileID: 2227604444719175105, guid: 2e9cfe025eed91d4b96f14bf70c70df9, type: 3}
      propertyPath: m_LocalScale.x
      value: 1
      objectReference: {fileID: 0}
    - target: {fileID: 2227604444719175105, guid: 2e9cfe025eed91d4b96f14bf70c70df9, type: 3}
      propertyPath: m_LocalScale.y
      value: 1
      objectReference: {fileID: 0}
    - target: {fileID: 2227604444719175105, guid: 2e9cfe025eed91d4b96f14bf70c70df9, type: 3}
      propertyPath: m_LocalScale.z
      value: 1
      objectReference: {fileID: 0}
    - target: {fileID: 2227604444719175105, guid: 2e9cfe025eed91d4b96f14bf70c70df9, type: 3}
      propertyPath: m_LocalPosition.x
      value: -8.122
      objectReference: {fileID: 0}
    - target: {fileID: 2227604444719175105, guid: 2e9cfe025eed91d4b96f14bf70c70df9, type: 3}
      propertyPath: m_LocalPosition.y
      value: 1.811
      objectReference: {fileID: 0}
    - target: {fileID: 2227604444719175105, guid: 2e9cfe025eed91d4b96f14bf70c70df9, type: 3}
      propertyPath: m_LocalPosition.z
      value: 3.242
      objectReference: {fileID: 0}
    - target: {fileID: 2227604444719175105, guid: 2e9cfe025eed91d4b96f14bf70c70df9, type: 3}
      propertyPath: m_LocalRotation.w
      value: 0.9935932
      objectReference: {fileID: 0}
    - target: {fileID: 2227604444719175105, guid: 2e9cfe025eed91d4b96f14bf70c70df9, type: 3}
      propertyPath: m_LocalRotation.x
      value: -0.000000040978193
      objectReference: {fileID: 0}
    - target: {fileID: 2227604444719175105, guid: 2e9cfe025eed91d4b96f14bf70c70df9, type: 3}
      propertyPath: m_LocalRotation.z
      value: -0.11301586
      objectReference: {fileID: 0}
    - target: {fileID: 2227604444719175105, guid: 2e9cfe025eed91d4b96f14bf70c70df9, type: 3}
      propertyPath: m_LocalEulerAnglesHint.z
      value: -12.978
      objectReference: {fileID: 0}
    - target: {fileID: 2227604444719175109, guid: 2e9cfe025eed91d4b96f14bf70c70df9, type: 3}
      propertyPath: serializationData.Prefab
      value: 
      objectReference: {fileID: 2227604444719175109, guid: 2e9cfe025eed91d4b96f14bf70c70df9, type: 3}
    - target: {fileID: 2227604444719175109, guid: 2e9cfe025eed91d4b96f14bf70c70df9, type: 3}
      propertyPath: slotList.Array.data[0].profile
      value: 
      objectReference: {fileID: 11400000, guid: df0befdd2046b064ea5b4d958b6ec595, type: 2}
    - target: {fileID: 2227604444719175109, guid: 2e9cfe025eed91d4b96f14bf70c70df9, type: 3}
      propertyPath: slotList.Array.data[0].isNoHologram
      value: 1
      objectReference: {fileID: 0}
    - target: {fileID: 2227604444719175109, guid: 2e9cfe025eed91d4b96f14bf70c70df9, type: 3}
      propertyPath: slotList.Array.data[0].isNoHologramAnimation
      value: 1
      objectReference: {fileID: 0}
    - target: {fileID: 2227604444719175110, guid: 2e9cfe025eed91d4b96f14bf70c70df9, type: 3}
      propertyPath: sceneViewId
      value: 0
      objectReference: {fileID: 0}
    - target: {fileID: 2227604444719175162, guid: 2e9cfe025eed91d4b96f14bf70c70df9, type: 3}
      propertyPath: m_Size.x
      value: 0.5280548
      objectReference: {fileID: 0}
    - target: {fileID: 2227604444719175162, guid: 2e9cfe025eed91d4b96f14bf70c70df9, type: 3}
      propertyPath: m_Size.y
      value: 0.457873
      objectReference: {fileID: 0}
    - target: {fileID: 2227604444719175162, guid: 2e9cfe025eed91d4b96f14bf70c70df9, type: 3}
      propertyPath: m_Size.z
      value: 0.11412172
      objectReference: {fileID: 0}
    - target: {fileID: 2227604444719175162, guid: 2e9cfe025eed91d4b96f14bf70c70df9, type: 3}
      propertyPath: m_Center.x
      value: 0
      objectReference: {fileID: 0}
    - target: {fileID: 2227604444719175162, guid: 2e9cfe025eed91d4b96f14bf70c70df9, type: 3}
      propertyPath: m_Center.y
      value: 0
      objectReference: {fileID: 0}
    - target: {fileID: 2227604444719175162, guid: 2e9cfe025eed91d4b96f14bf70c70df9, type: 3}
      propertyPath: m_Center.z
      value: 0
      objectReference: {fileID: 0}
    - target: {fileID: 2227604444719175162, guid: 2e9cfe025eed91d4b96f14bf70c70df9, type: 3}
      propertyPath: m_IsTrigger
      value: 1
      objectReference: {fileID: 0}
    - target: {fileID: 2227604444772409570, guid: 2e9cfe025eed91d4b96f14bf70c70df9, type: 3}
      propertyPath: m_LocalScale.x
      value: 0.4
      objectReference: {fileID: 0}
    - target: {fileID: 2227604444772409570, guid: 2e9cfe025eed91d4b96f14bf70c70df9, type: 3}
      propertyPath: m_LocalScale.y
      value: 0.4
      objectReference: {fileID: 0}
    - target: {fileID: 2227604444772409570, guid: 2e9cfe025eed91d4b96f14bf70c70df9, type: 3}
      propertyPath: m_LocalScale.z
      value: 0.01
      objectReference: {fileID: 0}
    - target: {fileID: 2227604444774804850, guid: 2e9cfe025eed91d4b96f14bf70c70df9, type: 3}
      propertyPath: sceneViewId
      value: 0
      objectReference: {fileID: 0}
    - target: {fileID: 2227604444774804854, guid: 2e9cfe025eed91d4b96f14bf70c70df9, type: 3}
      propertyPath: serializationData.Prefab
      value: 
      objectReference: {fileID: 2227604444774804854, guid: 2e9cfe025eed91d4b96f14bf70c70df9, type: 3}
    - target: {fileID: 2227604444849140644, guid: 2e9cfe025eed91d4b96f14bf70c70df9, type: 3}
      propertyPath: m_IsActive
      value: 0
      objectReference: {fileID: 0}
    - target: {fileID: 2227604444886547666, guid: 2e9cfe025eed91d4b96f14bf70c70df9, type: 3}
      propertyPath: sceneViewId
      value: 0
      objectReference: {fileID: 0}
    - target: {fileID: 2227604444886547670, guid: 2e9cfe025eed91d4b96f14bf70c70df9, type: 3}
      propertyPath: serializationData.Prefab
      value: 
      objectReference: {fileID: 2227604444886547670, guid: 2e9cfe025eed91d4b96f14bf70c70df9, type: 3}
    - target: {fileID: 2227604444974642500, guid: 2e9cfe025eed91d4b96f14bf70c70df9, type: 3}
      propertyPath: sceneViewId
      value: 0
      objectReference: {fileID: 0}
    - target: {fileID: 2227604444974642555, guid: 2e9cfe025eed91d4b96f14bf70c70df9, type: 3}
      propertyPath: serializationData.Prefab
      value: 
      objectReference: {fileID: 2227604444974642555, guid: 2e9cfe025eed91d4b96f14bf70c70df9, type: 3}
    - target: {fileID: 2227604445056851969, guid: 2e9cfe025eed91d4b96f14bf70c70df9, type: 3}
      propertyPath: sceneViewId
      value: 0
      objectReference: {fileID: 0}
    - target: {fileID: 2227604445056851973, guid: 2e9cfe025eed91d4b96f14bf70c70df9, type: 3}
      propertyPath: serializationData.Prefab
      value: 
      objectReference: {fileID: 2227604445056851973, guid: 2e9cfe025eed91d4b96f14bf70c70df9, type: 3}
    - target: {fileID: 2227604445135646160, guid: 2e9cfe025eed91d4b96f14bf70c70df9, type: 3}
      propertyPath: profile
      value: 
      objectReference: {fileID: 11400000, guid: df0befdd2046b064ea5b4d958b6ec595, type: 2}
    - target: {fileID: 2227604445135646160, guid: 2e9cfe025eed91d4b96f14bf70c70df9, type: 3}
      propertyPath: serializationData.Prefab
      value: 
      objectReference: {fileID: 2227604445135646160, guid: 2e9cfe025eed91d4b96f14bf70c70df9, type: 3}
    - target: {fileID: 2227604445135646161, guid: 2e9cfe025eed91d4b96f14bf70c70df9, type: 3}
      propertyPath: m_Size.x
      value: 0.4
      objectReference: {fileID: 0}
    - target: {fileID: 2227604445135646161, guid: 2e9cfe025eed91d4b96f14bf70c70df9, type: 3}
      propertyPath: m_Size.y
      value: 0.4
      objectReference: {fileID: 0}
    - target: {fileID: 2227604445135646161, guid: 2e9cfe025eed91d4b96f14bf70c70df9, type: 3}
      propertyPath: m_Size.z
      value: 0.001
      objectReference: {fileID: 0}
    - target: {fileID: 2227604445135646162, guid: 2e9cfe025eed91d4b96f14bf70c70df9, type: 3}
      propertyPath: objectProfile
      value: 
      objectReference: {fileID: 11400000, guid: df0befdd2046b064ea5b4d958b6ec595, type: 2}
    - target: {fileID: 2227604445135646166, guid: 2e9cfe025eed91d4b96f14bf70c70df9, type: 3}
      propertyPath: answerText
      value: 
      objectReference: {fileID: 723913207318004681}
    - target: {fileID: 2227604445135646172, guid: 2e9cfe025eed91d4b96f14bf70c70df9, type: 3}
      propertyPath: sceneViewId
      value: 0
      objectReference: {fileID: 0}
    - target: {fileID: 2227604445135646175, guid: 2e9cfe025eed91d4b96f14bf70c70df9, type: 3}
      propertyPath: m_LocalScale.x
      value: 1
      objectReference: {fileID: 0}
    - target: {fileID: 2227604445135646175, guid: 2e9cfe025eed91d4b96f14bf70c70df9, type: 3}
      propertyPath: m_LocalScale.y
      value: 1
      objectReference: {fileID: 0}
    - target: {fileID: 2227604445135646175, guid: 2e9cfe025eed91d4b96f14bf70c70df9, type: 3}
      propertyPath: m_LocalScale.z
      value: 1
      objectReference: {fileID: 0}
    - target: {fileID: 2227604445160521046, guid: 2e9cfe025eed91d4b96f14bf70c70df9, type: 3}
      propertyPath: m_LocalScale.x
      value: 0.4
      objectReference: {fileID: 0}
    - target: {fileID: 2227604445160521046, guid: 2e9cfe025eed91d4b96f14bf70c70df9, type: 3}
      propertyPath: m_LocalScale.y
      value: 0.4
      objectReference: {fileID: 0}
    - target: {fileID: 2227604445160521046, guid: 2e9cfe025eed91d4b96f14bf70c70df9, type: 3}
      propertyPath: m_LocalScale.z
      value: 0.01
      objectReference: {fileID: 0}
    - target: {fileID: 2227604445189396512, guid: 2e9cfe025eed91d4b96f14bf70c70df9, type: 3}
      propertyPath: m_LocalScale.x
      value: 3
      objectReference: {fileID: 0}
    - target: {fileID: 2227604445189396512, guid: 2e9cfe025eed91d4b96f14bf70c70df9, type: 3}
      propertyPath: m_LocalScale.y
      value: 1
      objectReference: {fileID: 0}
    - target: {fileID: 2227604445189396512, guid: 2e9cfe025eed91d4b96f14bf70c70df9, type: 3}
      propertyPath: m_LocalScale.z
      value: 1
      objectReference: {fileID: 0}
    - target: {fileID: 2227604445189396512, guid: 2e9cfe025eed91d4b96f14bf70c70df9, type: 3}
      propertyPath: m_LocalPosition.z
      value: 0.007999454
      objectReference: {fileID: 0}
    - target: {fileID: 2227604445189396512, guid: 2e9cfe025eed91d4b96f14bf70c70df9, type: 3}
      propertyPath: m_LocalRotation.w
      value: 0
      objectReference: {fileID: 0}
    - target: {fileID: 2227604445189396512, guid: 2e9cfe025eed91d4b96f14bf70c70df9, type: 3}
      propertyPath: m_LocalRotation.y
      value: 1
      objectReference: {fileID: 0}
    - target: {fileID: 2227604445189396512, guid: 2e9cfe025eed91d4b96f14bf70c70df9, type: 3}
      propertyPath: m_AnchoredPosition.x
      value: -27.700045
      objectReference: {fileID: 0}
    - target: {fileID: 2227604445189396512, guid: 2e9cfe025eed91d4b96f14bf70c70df9, type: 3}
      propertyPath: m_AnchoredPosition.y
      value: -1.250001
      objectReference: {fileID: 0}
    - target: {fileID: 2227604445189396512, guid: 2e9cfe025eed91d4b96f14bf70c70df9, type: 3}
      propertyPath: m_LocalEulerAnglesHint.y
      value: 180
      objectReference: {fileID: 0}
    - target: {fileID: 2227604445189396513, guid: 2e9cfe025eed91d4b96f14bf70c70df9, type: 3}
      propertyPath: m_text
      value: 
      objectReference: {fileID: 0}
    - target: {fileID: 2227604445189396513, guid: 2e9cfe025eed91d4b96f14bf70c70df9, type: 3}
      propertyPath: m_fontSize
      value: 36
      objectReference: {fileID: 0}
    - target: {fileID: 2227604445189396513, guid: 2e9cfe025eed91d4b96f14bf70c70df9, type: 3}
      propertyPath: m_margin.w
      value: 27.8
      objectReference: {fileID: 0}
    - target: {fileID: 2227604445189396513, guid: 2e9cfe025eed91d4b96f14bf70c70df9, type: 3}
      propertyPath: m_margin.x
      value: 78.7
      objectReference: {fileID: 0}
    - target: {fileID: 2227604445189396513, guid: 2e9cfe025eed91d4b96f14bf70c70df9, type: 3}
      propertyPath: m_margin.y
      value: 25.94
      objectReference: {fileID: 0}
    - target: {fileID: 2227604445189396513, guid: 2e9cfe025eed91d4b96f14bf70c70df9, type: 3}
      propertyPath: m_margin.z
      value: 97.4
      objectReference: {fileID: 0}
    - target: {fileID: 2227604445189396513, guid: 2e9cfe025eed91d4b96f14bf70c70df9, type: 3}
      propertyPath: m_fontSizeMin
      value: 1
      objectReference: {fileID: 0}
    - target: {fileID: 2227604445189396513, guid: 2e9cfe025eed91d4b96f14bf70c70df9, type: 3}
      propertyPath: m_characterSpacing
      value: -10.45
      objectReference: {fileID: 0}
    - target: {fileID: 2227604445189396513, guid: 2e9cfe025eed91d4b96f14bf70c70df9, type: 3}
      propertyPath: m_enableAutoSizing
      value: 1
      objectReference: {fileID: 0}
    - target: {fileID: 2227604445369937168, guid: 2e9cfe025eed91d4b96f14bf70c70df9, type: 3}
      propertyPath: m_IsActive
      value: 1
      objectReference: {fileID: 0}
    - target: {fileID: 2227604445369937169, guid: 2e9cfe025eed91d4b96f14bf70c70df9, type: 3}
      propertyPath: m_SizeDelta.x
      value: 217.87
      objectReference: {fileID: 0}
    - target: {fileID: 2227604445369937169, guid: 2e9cfe025eed91d4b96f14bf70c70df9, type: 3}
      propertyPath: m_SizeDelta.y
      value: 43.33
      objectReference: {fileID: 0}
    - target: {fileID: 2227604445369937169, guid: 2e9cfe025eed91d4b96f14bf70c70df9, type: 3}
      propertyPath: m_LocalPosition.z
      value: -0
      objectReference: {fileID: 0}
    - target: {fileID: 2227604445369937169, guid: 2e9cfe025eed91d4b96f14bf70c70df9, type: 3}
      propertyPath: m_AnchoredPosition.x
      value: 1.4
      objectReference: {fileID: 0}
    - target: {fileID: 2227604445369937169, guid: 2e9cfe025eed91d4b96f14bf70c70df9, type: 3}
      propertyPath: m_AnchoredPosition.y
      value: 4.4
      objectReference: {fileID: 0}
    - target: {fileID: 2227604445369937174, guid: 2e9cfe025eed91d4b96f14bf70c70df9, type: 3}
      propertyPath: m_text
      value: Maya  ...  pernah lupa menyiram tanaman
      objectReference: {fileID: 0}
    - target: {fileID: 2227604445369937174, guid: 2e9cfe025eed91d4b96f14bf70c70df9, type: 3}
      propertyPath: m_fontSize
      value: 23
      objectReference: {fileID: 0}
    - target: {fileID: 2227604445369937174, guid: 2e9cfe025eed91d4b96f14bf70c70df9, type: 3}
      propertyPath: m_fontSizeBase
      value: 23
      objectReference: {fileID: 0}
    - target: {fileID: 2227604445369937174, guid: 2e9cfe025eed91d4b96f14bf70c70df9, type: 3}
      propertyPath: m_enableAutoSizing
      value: 0
      objectReference: {fileID: 0}
    - target: {fileID: 2227604445435761989, guid: 2e9cfe025eed91d4b96f14bf70c70df9, type: 3}
      propertyPath: m_IsActive
      value: 0
      objectReference: {fileID: 0}
    - target: {fileID: 2227604445512832146, guid: 2e9cfe025eed91d4b96f14bf70c70df9, type: 3}
      propertyPath: sceneViewId
      value: 0
      objectReference: {fileID: 0}
    - target: {fileID: 2227604445512832150, guid: 2e9cfe025eed91d4b96f14bf70c70df9, type: 3}
      propertyPath: serializationData.Prefab
      value: 
      objectReference: {fileID: 2227604445512832150, guid: 2e9cfe025eed91d4b96f14bf70c70df9, type: 3}
    - target: {fileID: 2227604445532553756, guid: 2e9cfe025eed91d4b96f14bf70c70df9, type: 3}
      propertyPath: m_Enabled
      value: 0
      objectReference: {fileID: 0}
    - target: {fileID: 2227604445532553758, guid: 2e9cfe025eed91d4b96f14bf70c70df9, type: 3}
      propertyPath: m_IsActive
      value: 1
      objectReference: {fileID: 0}
    - target: {fileID: 2227604445532553759, guid: 2e9cfe025eed91d4b96f14bf70c70df9, type: 3}
      propertyPath: m_LocalScale.x
      value: 0
      objectReference: {fileID: 0}
    - target: {fileID: 2227604445532553759, guid: 2e9cfe025eed91d4b96f14bf70c70df9, type: 3}
      propertyPath: m_LocalScale.y
      value: 0
      objectReference: {fileID: 0}
    - target: {fileID: 2227604445532553759, guid: 2e9cfe025eed91d4b96f14bf70c70df9, type: 3}
      propertyPath: m_LocalScale.z
      value: 0
      objectReference: {fileID: 0}
    - target: {fileID: 2227604445765767682, guid: 2e9cfe025eed91d4b96f14bf70c70df9, type: 3}
      propertyPath: m_Size.x
      value: 0.4
      objectReference: {fileID: 0}
    - target: {fileID: 2227604445765767682, guid: 2e9cfe025eed91d4b96f14bf70c70df9, type: 3}
      propertyPath: m_Size.y
      value: 0.4
      objectReference: {fileID: 0}
    - target: {fileID: 2227604445765767682, guid: 2e9cfe025eed91d4b96f14bf70c70df9, type: 3}
      propertyPath: m_Size.z
      value: 0.001
      objectReference: {fileID: 0}
    - target: {fileID: 2227604445765767683, guid: 2e9cfe025eed91d4b96f14bf70c70df9, type: 3}
      propertyPath: answerText
      value: 
      objectReference: {fileID: 4948912455874997247}
    - target: {fileID: 2227604445765767688, guid: 2e9cfe025eed91d4b96f14bf70c70df9, type: 3}
      propertyPath: m_LocalScale.x
      value: 1
      objectReference: {fileID: 0}
    - target: {fileID: 2227604445765767688, guid: 2e9cfe025eed91d4b96f14bf70c70df9, type: 3}
      propertyPath: m_LocalScale.y
      value: 1
      objectReference: {fileID: 0}
    - target: {fileID: 2227604445765767688, guid: 2e9cfe025eed91d4b96f14bf70c70df9, type: 3}
      propertyPath: m_LocalScale.z
      value: 1
      objectReference: {fileID: 0}
    - target: {fileID: 2227604445765767689, guid: 2e9cfe025eed91d4b96f14bf70c70df9, type: 3}
      propertyPath: sceneViewId
      value: 0
      objectReference: {fileID: 0}
    - target: {fileID: 2227604445765767693, guid: 2e9cfe025eed91d4b96f14bf70c70df9, type: 3}
      propertyPath: profile
      value: 
      objectReference: {fileID: 11400000, guid: df0befdd2046b064ea5b4d958b6ec595, type: 2}
    - target: {fileID: 2227604445765767693, guid: 2e9cfe025eed91d4b96f14bf70c70df9, type: 3}
      propertyPath: serializationData.Prefab
      value: 
      objectReference: {fileID: 2227604445765767693, guid: 2e9cfe025eed91d4b96f14bf70c70df9, type: 3}
    - target: {fileID: 2227604445765767695, guid: 2e9cfe025eed91d4b96f14bf70c70df9, type: 3}
      propertyPath: objectProfile
      value: 
      objectReference: {fileID: 11400000, guid: df0befdd2046b064ea5b4d958b6ec595, type: 2}
    - target: {fileID: 2227604445940551416, guid: 2e9cfe025eed91d4b96f14bf70c70df9, type: 3}
      propertyPath: m_IsActive
      value: 1
      objectReference: {fileID: 0}
    - target: {fileID: 2227604445940551417, guid: 2e9cfe025eed91d4b96f14bf70c70df9, type: 3}
      propertyPath: m_LocalScale.x
      value: 0
      objectReference: {fileID: 0}
    - target: {fileID: 2227604445940551417, guid: 2e9cfe025eed91d4b96f14bf70c70df9, type: 3}
      propertyPath: m_LocalScale.y
      value: 0
      objectReference: {fileID: 0}
    - target: {fileID: 2227604445940551417, guid: 2e9cfe025eed91d4b96f14bf70c70df9, type: 3}
      propertyPath: m_LocalScale.z
      value: 0
      objectReference: {fileID: 0}
    - target: {fileID: 2227604445940551422, guid: 2e9cfe025eed91d4b96f14bf70c70df9, type: 3}
      propertyPath: m_Enabled
      value: 0
      objectReference: {fileID: 0}
    - target: {fileID: 2316938736405207792, guid: 2e9cfe025eed91d4b96f14bf70c70df9, type: 3}
      propertyPath: m_Enabled
      value: 0
      objectReference: {fileID: 0}
    - target: {fileID: 3165988784145788562, guid: 2e9cfe025eed91d4b96f14bf70c70df9, type: 3}
      propertyPath: m_LocalScale.x
      value: 1
      objectReference: {fileID: 0}
    - target: {fileID: 3165988784145788562, guid: 2e9cfe025eed91d4b96f14bf70c70df9, type: 3}
      propertyPath: m_LocalScale.y
      value: 1
      objectReference: {fileID: 0}
    - target: {fileID: 3165988784145788562, guid: 2e9cfe025eed91d4b96f14bf70c70df9, type: 3}
      propertyPath: m_LocalScale.z
      value: 1
      objectReference: {fileID: 0}
    - target: {fileID: 4669590729441367559, guid: 2e9cfe025eed91d4b96f14bf70c70df9, type: 3}
      propertyPath: m_Name
      value: ChalkBoard Quiz 1 Variant
      objectReference: {fileID: 0}
    - target: {fileID: 4669590729441367559, guid: 2e9cfe025eed91d4b96f14bf70c70df9, type: 3}
      propertyPath: m_IsActive
      value: 1
      objectReference: {fileID: 0}
    - target: {fileID: 4760588059436787813, guid: 2e9cfe025eed91d4b96f14bf70c70df9, type: 3}
      propertyPath: m_LocalPosition.z
      value: 3.2419999
      objectReference: {fileID: 0}
    - target: {fileID: 4760588059436787813, guid: 2e9cfe025eed91d4b96f14bf70c70df9, type: 3}
      propertyPath: m_AnchoredPosition.x
      value: -9.454
      objectReference: {fileID: 0}
    - target: {fileID: 4760588059436787813, guid: 2e9cfe025eed91d4b96f14bf70c70df9, type: 3}
      propertyPath: m_AnchoredPosition.y
      value: 1.2160001
      objectReference: {fileID: 0}
    - target: {fileID: 5815915846938679103, guid: 2e9cfe025eed91d4b96f14bf70c70df9, type: 3}
      propertyPath: m_LocalScale.x
      value: 1
      objectReference: {fileID: 0}
    - target: {fileID: 5815915846938679103, guid: 2e9cfe025eed91d4b96f14bf70c70df9, type: 3}
      propertyPath: m_LocalScale.y
      value: 1
      objectReference: {fileID: 0}
    - target: {fileID: 5815915846938679103, guid: 2e9cfe025eed91d4b96f14bf70c70df9, type: 3}
      propertyPath: m_LocalScale.z
      value: 1
      objectReference: {fileID: 0}
    - target: {fileID: 5989778955644940456, guid: 2e9cfe025eed91d4b96f14bf70c70df9, type: 3}
      propertyPath: m_Enabled
      value: 0
      objectReference: {fileID: 0}
    - target: {fileID: 6039703176091163147, guid: 2e9cfe025eed91d4b96f14bf70c70df9, type: 3}
      propertyPath: m_RootOrder
      value: 0
      objectReference: {fileID: 0}
    - target: {fileID: 6039703176091163147, guid: 2e9cfe025eed91d4b96f14bf70c70df9, type: 3}
      propertyPath: m_LocalPosition.x
      value: 0
      objectReference: {fileID: 0}
    - target: {fileID: 6039703176091163147, guid: 2e9cfe025eed91d4b96f14bf70c70df9, type: 3}
      propertyPath: m_LocalPosition.y
      value: 0
      objectReference: {fileID: 0}
    - target: {fileID: 6039703176091163147, guid: 2e9cfe025eed91d4b96f14bf70c70df9, type: 3}
      propertyPath: m_LocalPosition.z
      value: 0
      objectReference: {fileID: 0}
    - target: {fileID: 6039703176091163147, guid: 2e9cfe025eed91d4b96f14bf70c70df9, type: 3}
      propertyPath: m_LocalRotation.w
      value: 1
      objectReference: {fileID: 0}
    - target: {fileID: 6039703176091163147, guid: 2e9cfe025eed91d4b96f14bf70c70df9, type: 3}
      propertyPath: m_LocalRotation.x
      value: 0
      objectReference: {fileID: 0}
    - target: {fileID: 6039703176091163147, guid: 2e9cfe025eed91d4b96f14bf70c70df9, type: 3}
      propertyPath: m_LocalRotation.y
      value: 0
      objectReference: {fileID: 0}
    - target: {fileID: 6039703176091163147, guid: 2e9cfe025eed91d4b96f14bf70c70df9, type: 3}
      propertyPath: m_LocalRotation.z
      value: 0
      objectReference: {fileID: 0}
    - target: {fileID: 6039703176091163147, guid: 2e9cfe025eed91d4b96f14bf70c70df9, type: 3}
      propertyPath: m_LocalEulerAnglesHint.x
      value: 0
      objectReference: {fileID: 0}
    - target: {fileID: 6039703176091163147, guid: 2e9cfe025eed91d4b96f14bf70c70df9, type: 3}
      propertyPath: m_LocalEulerAnglesHint.y
      value: 0
      objectReference: {fileID: 0}
    - target: {fileID: 6039703176091163147, guid: 2e9cfe025eed91d4b96f14bf70c70df9, type: 3}
      propertyPath: m_LocalEulerAnglesHint.z
      value: 0
      objectReference: {fileID: 0}
    - target: {fileID: 6359651962806225317, guid: 2e9cfe025eed91d4b96f14bf70c70df9, type: 3}
      propertyPath: m_LocalPosition.z
      value: 3.2419999
      objectReference: {fileID: 0}
    - target: {fileID: 6359651962806225317, guid: 2e9cfe025eed91d4b96f14bf70c70df9, type: 3}
      propertyPath: m_AnchoredPosition.x
      value: -8.954
      objectReference: {fileID: 0}
    - target: {fileID: 6359651962806225317, guid: 2e9cfe025eed91d4b96f14bf70c70df9, type: 3}
      propertyPath: m_AnchoredPosition.y
      value: 1.2160001
      objectReference: {fileID: 0}
    - target: {fileID: 7098561120714771078, guid: 2e9cfe025eed91d4b96f14bf70c70df9, type: 3}
      propertyPath: m_TranslationOffset.x
      value: 0
      objectReference: {fileID: 0}
    - target: {fileID: 7098561120714771078, guid: 2e9cfe025eed91d4b96f14bf70c70df9, type: 3}
      propertyPath: m_TranslationOffset.y
      value: 0.6000001
      objectReference: {fileID: 0}
    - target: {fileID: 7098561120714771078, guid: 2e9cfe025eed91d4b96f14bf70c70df9, type: 3}
      propertyPath: m_TranslationOffset.z
      value: 0
      objectReference: {fileID: 0}
    - target: {fileID: 7219429573698032548, guid: 2e9cfe025eed91d4b96f14bf70c70df9, type: 3}
      propertyPath: m_TranslationOffset.x
      value: 0
      objectReference: {fileID: 0}
    - target: {fileID: 7219429573698032548, guid: 2e9cfe025eed91d4b96f14bf70c70df9, type: 3}
      propertyPath: m_TranslationOffset.y
      value: 0.6000001
      objectReference: {fileID: 0}
    - target: {fileID: 7219429573698032548, guid: 2e9cfe025eed91d4b96f14bf70c70df9, type: 3}
      propertyPath: m_TranslationOffset.z
      value: 0
      objectReference: {fileID: 0}
    - target: {fileID: 7290877892716898808, guid: 2e9cfe025eed91d4b96f14bf70c70df9, type: 3}
      propertyPath: m_Enabled
      value: 0
      objectReference: {fileID: 0}
    - target: {fileID: 7943191000565123764, guid: 2e9cfe025eed91d4b96f14bf70c70df9, type: 3}
      propertyPath: m_Enabled
      value: 0
      objectReference: {fileID: 0}
    - target: {fileID: 8492380232088390404, guid: 2e9cfe025eed91d4b96f14bf70c70df9, type: 3}
      propertyPath: m_LocalScale.x
      value: 1
      objectReference: {fileID: 0}
    - target: {fileID: 8492380232088390404, guid: 2e9cfe025eed91d4b96f14bf70c70df9, type: 3}
      propertyPath: m_LocalScale.y
      value: 1
      objectReference: {fileID: 0}
    - target: {fileID: 8492380232088390404, guid: 2e9cfe025eed91d4b96f14bf70c70df9, type: 3}
      propertyPath: m_LocalScale.z
      value: 1
      objectReference: {fileID: 0}
    m_RemovedComponents:
    - {fileID: 2227604444089664982, guid: 2e9cfe025eed91d4b96f14bf70c70df9, type: 3}
    - {fileID: 2227604445532553756, guid: 2e9cfe025eed91d4b96f14bf70c70df9, type: 3}
    - {fileID: 2227604444635245299, guid: 2e9cfe025eed91d4b96f14bf70c70df9, type: 3}
    - {fileID: 2227604445940551422, guid: 2e9cfe025eed91d4b96f14bf70c70df9, type: 3}
    m_RemovedGameObjects: []
    m_AddedGameObjects:
    - targetCorrespondingSourceObject: {fileID: 2227604445135646175, guid: 2e9cfe025eed91d4b96f14bf70c70df9, type: 3}
      insertIndex: -1
      addedObject: {fileID: 2549125966463332358}
    - targetCorrespondingSourceObject: {fileID: 2227604444363543041, guid: 2e9cfe025eed91d4b96f14bf70c70df9, type: 3}
      insertIndex: -1
      addedObject: {fileID: 9004143396105304194}
    - targetCorrespondingSourceObject: {fileID: 2227604445765767688, guid: 2e9cfe025eed91d4b96f14bf70c70df9, type: 3}
      insertIndex: -1
      addedObject: {fileID: 1536006619439119827}
    - targetCorrespondingSourceObject: {fileID: 2227604444224670062, guid: 2e9cfe025eed91d4b96f14bf70c70df9, type: 3}
      insertIndex: -1
      addedObject: {fileID: 8139595305144784279}
    m_AddedComponents:
    - targetCorrespondingSourceObject: {fileID: 4669590729441367559, guid: 2e9cfe025eed91d4b96f14bf70c70df9, type: 3}
      insertIndex: -1
      addedObject: {fileID: 2704008699540513122}
    - targetCorrespondingSourceObject: {fileID: 2227604445369937168, guid: 2e9cfe025eed91d4b96f14bf70c70df9, type: 3}
      insertIndex: -1
      addedObject: {fileID: 4255216740656959920}
    - targetCorrespondingSourceObject: {fileID: 2227604445135646174, guid: 2e9cfe025eed91d4b96f14bf70c70df9, type: 3}
      insertIndex: -1
      addedObject: {fileID: 3275278941021382324}
    - targetCorrespondingSourceObject: {fileID: 2227604444142407892, guid: 2e9cfe025eed91d4b96f14bf70c70df9, type: 3}
      insertIndex: -1
      addedObject: {fileID: 723913207318004681}
    - targetCorrespondingSourceObject: {fileID: 2227604444363543040, guid: 2e9cfe025eed91d4b96f14bf70c70df9, type: 3}
      insertIndex: -1
      addedObject: {fileID: 1656905005582687931}
    - targetCorrespondingSourceObject: {fileID: 2227604445189396515, guid: 2e9cfe025eed91d4b96f14bf70c70df9, type: 3}
      insertIndex: -1
      addedObject: {fileID: 6718103001890343580}
    - targetCorrespondingSourceObject: {fileID: 2227604445765767691, guid: 2e9cfe025eed91d4b96f14bf70c70df9, type: 3}
      insertIndex: -1
      addedObject: {fileID: 3372186133077885047}
    - targetCorrespondingSourceObject: {fileID: 2227604444340927007, guid: 2e9cfe025eed91d4b96f14bf70c70df9, type: 3}
      insertIndex: -1
      addedObject: {fileID: 4948912455874997247}
    - targetCorrespondingSourceObject: {fileID: 2227604444224670057, guid: 2e9cfe025eed91d4b96f14bf70c70df9, type: 3}
      insertIndex: -1
      addedObject: {fileID: 2058767728688482164}
    - targetCorrespondingSourceObject: {fileID: 2227604444714158216, guid: 2e9cfe025eed91d4b96f14bf70c70df9, type: 3}
      insertIndex: -1
      addedObject: {fileID: 8802963574755438920}
  m_SourcePrefab: {fileID: 100100000, guid: 2e9cfe025eed91d4b96f14bf70c70df9, type: 3}
--- !u!1 &3190918463664515356 stripped
GameObject:
  m_CorrespondingSourceObject: {fileID: 4669590729441367559, guid: 2e9cfe025eed91d4b96f14bf70c70df9, type: 3}
  m_PrefabInstance: {fileID: 7819888774300188443}
  m_PrefabAsset: {fileID: 0}
--- !u!114 &2704008699540513122
MonoBehaviour:
  m_ObjectHideFlags: 0
  m_CorrespondingSourceObject: {fileID: 0}
  m_PrefabInstance: {fileID: 0}
  m_PrefabAsset: {fileID: 0}
  m_GameObject: {fileID: 3190918463664515356}
  m_Enabled: 1
  m_EditorHideFlags: 0
  m_Script: {fileID: 11500000, guid: 2c86c7e8f334f874d9bd4b1d7d428a2a, type: 3}
  m_Name: 
  m_EditorClassIdentifier: 
--- !u!4 &8246048139998719258 stripped
Transform:
  m_CorrespondingSourceObject: {fileID: 2227604444363543041, guid: 2e9cfe025eed91d4b96f14bf70c70df9, type: 3}
  m_PrefabInstance: {fileID: 7819888774300188443}
  m_PrefabAsset: {fileID: 0}
--- !u!1 &8246048139998719259 stripped
GameObject:
  m_CorrespondingSourceObject: {fileID: 2227604444363543040, guid: 2e9cfe025eed91d4b96f14bf70c70df9, type: 3}
  m_PrefabInstance: {fileID: 7819888774300188443}
  m_PrefabAsset: {fileID: 0}
--- !u!114 &1656905005582687931
MonoBehaviour:
  m_ObjectHideFlags: 0
  m_CorrespondingSourceObject: {fileID: 0}
  m_PrefabInstance: {fileID: 0}
  m_PrefabAsset: {fileID: 0}
  m_GameObject: {fileID: 8246048139998719259}
  m_Enabled: 1
  m_EditorHideFlags: 0
  m_Script: {fileID: 11500000, guid: 63aba4dc45d703d42a465cd57e5af6b2, type: 3}
  m_Name: 
  m_EditorClassIdentifier: 
  origin: {fileID: 8246048141328148282}
  dest: {fileID: 303497072720919425}
--- !u!1 &8246048140013044996 stripped
GameObject:
  m_CorrespondingSourceObject: {fileID: 2227604444340927007, guid: 2e9cfe025eed91d4b96f14bf70c70df9, type: 3}
  m_PrefabInstance: {fileID: 7819888774300188443}
  m_PrefabAsset: {fileID: 0}
--- !u!114 &4948912455874997247
MonoBehaviour:
  m_ObjectHideFlags: 0
  m_CorrespondingSourceObject: {fileID: 0}
  m_PrefabInstance: {fileID: 0}
  m_PrefabAsset: {fileID: 0}
  m_GameObject: {fileID: 8246048140013044996}
  m_Enabled: 1
  m_EditorHideFlags: 0
  m_Script: {fileID: 11500000, guid: 0adeb2df4fcbd8e49904b766d9df7b00, type: 3}
  m_Name: 
  m_EditorClassIdentifier: 
  stringHolder: {fileID: 8246048140013044998}
  idString: 
  enString: 
--- !u!114 &8246048140013044998 stripped
MonoBehaviour:
  m_CorrespondingSourceObject: {fileID: 2227604444340927005, guid: 2e9cfe025eed91d4b96f14bf70c70df9, type: 3}
  m_PrefabInstance: {fileID: 7819888774300188443}
  m_PrefabAsset: {fileID: 0}
  m_GameObject: {fileID: 8246048140013044996}
  m_Enabled: 1
  m_EditorHideFlags: 0
  m_Script: {fileID: 11500000, guid: f4688fdb7df04437aeb418b961361dc5, type: 3}
  m_Name: 
  m_EditorClassIdentifier: 
--- !u!1 &8246048140129334898 stripped
GameObject:
  m_CorrespondingSourceObject: {fileID: 2227604444224670057, guid: 2e9cfe025eed91d4b96f14bf70c70df9, type: 3}
  m_PrefabInstance: {fileID: 7819888774300188443}
  m_PrefabAsset: {fileID: 0}
--- !u!114 &2058767728688482164
MonoBehaviour:
  m_ObjectHideFlags: 0
  m_CorrespondingSourceObject: {fileID: 0}
  m_PrefabInstance: {fileID: 0}
  m_PrefabAsset: {fileID: 0}
  m_GameObject: {fileID: 8246048140129334898}
  m_Enabled: 1
  m_EditorHideFlags: 0
  m_Script: {fileID: 11500000, guid: 63aba4dc45d703d42a465cd57e5af6b2, type: 3}
  m_Name: 
  m_EditorClassIdentifier: 
  origin: {fileID: 8246048140721846165}
  dest: {fileID: 2589431065109164357}
--- !u!4 &8246048140129334901 stripped
Transform:
  m_CorrespondingSourceObject: {fileID: 2227604444224670062, guid: 2e9cfe025eed91d4b96f14bf70c70df9, type: 3}
  m_PrefabInstance: {fileID: 7819888774300188443}
  m_PrefabAsset: {fileID: 0}
--- !u!1 &8246048140210909135 stripped
GameObject:
  m_CorrespondingSourceObject: {fileID: 2227604444142407892, guid: 2e9cfe025eed91d4b96f14bf70c70df9, type: 3}
  m_PrefabInstance: {fileID: 7819888774300188443}
  m_PrefabAsset: {fileID: 0}
--- !u!114 &723913207318004681
MonoBehaviour:
  m_ObjectHideFlags: 0
  m_CorrespondingSourceObject: {fileID: 0}
  m_PrefabInstance: {fileID: 0}
  m_PrefabAsset: {fileID: 0}
  m_GameObject: {fileID: 8246048140210909135}
  m_Enabled: 1
  m_EditorHideFlags: 0
  m_Script: {fileID: 11500000, guid: 0adeb2df4fcbd8e49904b766d9df7b00, type: 3}
  m_Name: 
  m_EditorClassIdentifier: 
  stringHolder: {fileID: 8246048140210909137}
  idString: 
  enString: 
--- !u!114 &8246048140210909137 stripped
MonoBehaviour:
  m_CorrespondingSourceObject: {fileID: 2227604444142407882, guid: 2e9cfe025eed91d4b96f14bf70c70df9, type: 3}
  m_PrefabInstance: {fileID: 7819888774300188443}
  m_PrefabAsset: {fileID: 0}
  m_GameObject: {fileID: 8246048140210909135}
  m_Enabled: 1
  m_EditorHideFlags: 0
  m_Script: {fileID: 11500000, guid: f4688fdb7df04437aeb418b961361dc5, type: 3}
  m_Name: 
  m_EditorClassIdentifier: 
--- !u!1 &8246048140721846163 stripped
GameObject:
  m_CorrespondingSourceObject: {fileID: 2227604444714158216, guid: 2e9cfe025eed91d4b96f14bf70c70df9, type: 3}
  m_PrefabInstance: {fileID: 7819888774300188443}
  m_PrefabAsset: {fileID: 0}
--- !u!114 &8802963574755438920
MonoBehaviour:
  m_ObjectHideFlags: 0
  m_CorrespondingSourceObject: {fileID: 0}
  m_PrefabInstance: {fileID: 0}
  m_PrefabAsset: {fileID: 0}
  m_GameObject: {fileID: 8246048140721846163}
  m_Enabled: 1
  m_EditorHideFlags: 0
  m_Script: {fileID: 11500000, guid: 0adeb2df4fcbd8e49904b766d9df7b00, type: 3}
  m_Name: 
  m_EditorClassIdentifier: 
  stringHolder: {fileID: 8246048140721846165}
  idString: 
  enString: 
--- !u!114 &8246048140721846165 stripped
MonoBehaviour:
  m_CorrespondingSourceObject: {fileID: 2227604444714158222, guid: 2e9cfe025eed91d4b96f14bf70c70df9, type: 3}
  m_PrefabInstance: {fileID: 7819888774300188443}
  m_PrefabAsset: {fileID: 0}
  m_GameObject: {fileID: 8246048140721846163}
  m_Enabled: 1
  m_EditorHideFlags: 0
  m_Script: {fileID: 11500000, guid: f4688fdb7df04437aeb418b961361dc5, type: 3}
  m_Name: 
  m_EditorClassIdentifier: 
--- !u!1 &8246048141139317259 stripped
GameObject:
  m_CorrespondingSourceObject: {fileID: 2227604445369937168, guid: 2e9cfe025eed91d4b96f14bf70c70df9, type: 3}
  m_PrefabInstance: {fileID: 7819888774300188443}
  m_PrefabAsset: {fileID: 0}
--- !u!114 &4255216740656959920
MonoBehaviour:
  m_ObjectHideFlags: 0
  m_CorrespondingSourceObject: {fileID: 0}
  m_PrefabInstance: {fileID: 0}
  m_PrefabAsset: {fileID: 0}
  m_GameObject: {fileID: 8246048141139317259}
  m_Enabled: 1
  m_EditorHideFlags: 0
  m_Script: {fileID: 11500000, guid: 0adeb2df4fcbd8e49904b766d9df7b00, type: 3}
  m_Name: 
  m_EditorClassIdentifier: 
  stringHolder: {fileID: 8246048141139317261}
  idString: Maya  ...  pernah lupa menyiram tanaman
  enString: <indent=-10%>Maya  ... forgets to water the plants
--- !u!114 &8246048141139317261 stripped
MonoBehaviour:
  m_CorrespondingSourceObject: {fileID: 2227604445369937174, guid: 2e9cfe025eed91d4b96f14bf70c70df9, type: 3}
  m_PrefabInstance: {fileID: 7819888774300188443}
  m_PrefabAsset: {fileID: 0}
  m_GameObject: {fileID: 8246048141139317259}
  m_Enabled: 1
  m_EditorHideFlags: 0
  m_Script: {fileID: 11500000, guid: f4688fdb7df04437aeb418b961361dc5, type: 3}
  m_Name: 
  m_EditorClassIdentifier: 
--- !u!1 &8246048141328148280 stripped
GameObject:
  m_CorrespondingSourceObject: {fileID: 2227604445189396515, guid: 2e9cfe025eed91d4b96f14bf70c70df9, type: 3}
  m_PrefabInstance: {fileID: 7819888774300188443}
  m_PrefabAsset: {fileID: 0}
--- !u!114 &6718103001890343580
MonoBehaviour:
  m_ObjectHideFlags: 0
  m_CorrespondingSourceObject: {fileID: 0}
  m_PrefabInstance: {fileID: 0}
  m_PrefabAsset: {fileID: 0}
  m_GameObject: {fileID: 8246048141328148280}
  m_Enabled: 1
  m_EditorHideFlags: 0
  m_Script: {fileID: 11500000, guid: 0adeb2df4fcbd8e49904b766d9df7b00, type: 3}
  m_Name: 
  m_EditorClassIdentifier: 
  stringHolder: {fileID: 8246048141328148282}
  idString: 
  enString: 
--- !u!114 &8246048141328148282 stripped
MonoBehaviour:
  m_CorrespondingSourceObject: {fileID: 2227604445189396513, guid: 2e9cfe025eed91d4b96f14bf70c70df9, type: 3}
  m_PrefabInstance: {fileID: 7819888774300188443}
  m_PrefabAsset: {fileID: 0}
  m_GameObject: {fileID: 8246048141328148280}
  m_Enabled: 1
  m_EditorHideFlags: 0
  m_Script: {fileID: 11500000, guid: f4688fdb7df04437aeb418b961361dc5, type: 3}
  m_Name: 
  m_EditorClassIdentifier: 
--- !u!4 &8246048141374001860 stripped
Transform:
  m_CorrespondingSourceObject: {fileID: 2227604445135646175, guid: 2e9cfe025eed91d4b96f14bf70c70df9, type: 3}
  m_PrefabInstance: {fileID: 7819888774300188443}
  m_PrefabAsset: {fileID: 0}
--- !u!1 &8246048141374001861 stripped
GameObject:
  m_CorrespondingSourceObject: {fileID: 2227604445135646174, guid: 2e9cfe025eed91d4b96f14bf70c70df9, type: 3}
  m_PrefabInstance: {fileID: 7819888774300188443}
  m_PrefabAsset: {fileID: 0}
--- !u!114 &3275278941021382324
MonoBehaviour:
  m_ObjectHideFlags: 0
  m_CorrespondingSourceObject: {fileID: 0}
  m_PrefabInstance: {fileID: 0}
  m_PrefabAsset: {fileID: 0}
  m_GameObject: {fileID: 8246048141374001861}
  m_Enabled: 1
  m_EditorHideFlags: 0
  m_Script: {fileID: 11500000, guid: 63aba4dc45d703d42a465cd57e5af6b2, type: 3}
  m_Name: 
  m_EditorClassIdentifier: 
  origin: {fileID: 8246048140210909137}
  dest: {fileID: 8701370323754979900}
--- !u!1 &8246048141834005776 stripped
GameObject:
  m_CorrespondingSourceObject: {fileID: 2227604445765767691, guid: 2e9cfe025eed91d4b96f14bf70c70df9, type: 3}
  m_PrefabInstance: {fileID: 7819888774300188443}
  m_PrefabAsset: {fileID: 0}
--- !u!114 &3372186133077885047
MonoBehaviour:
  m_ObjectHideFlags: 0
  m_CorrespondingSourceObject: {fileID: 0}
  m_PrefabInstance: {fileID: 0}
  m_PrefabAsset: {fileID: 0}
  m_GameObject: {fileID: 8246048141834005776}
  m_Enabled: 1
  m_EditorHideFlags: 0
  m_Script: {fileID: 11500000, guid: 63aba4dc45d703d42a465cd57e5af6b2, type: 3}
  m_Name: 
  m_EditorClassIdentifier: 
  origin: {fileID: 8246048140013044998}
  dest: {fileID: 1861004855067964693}
--- !u!4 &8246048141834005779 stripped
Transform:
  m_CorrespondingSourceObject: {fileID: 2227604445765767688, guid: 2e9cfe025eed91d4b96f14bf70c70df9, type: 3}
  m_PrefabInstance: {fileID: 7819888774300188443}
  m_PrefabAsset: {fileID: 0}
