%YAML 1.1
%TAG !u! tag:unity3d.com,2011:
--- !u!1 &2072954170652526752
GameObject:
  m_ObjectHideFlags: 0
  m_CorrespondingSourceObject: {fileID: 0}
  m_PrefabInstance: {fileID: 0}
  m_PrefabAsset: {fileID: 0}
  serializedVersion: 6
  m_Component:
  - component: {fileID: 2072954170652526754}
  - component: {fileID: 2072954170652526753}
  m_Layer: 0
  m_Name: BGM
  m_TagString: Untagged
  m_Icon: {fileID: 0}
  m_NavMeshLayer: 0
  m_StaticEditorFlags: 0
  m_IsActive: 1
--- !u!4 &2072954170652526754
Transform:
  m_ObjectHideFlags: 0
  m_CorrespondingSourceObject: {fileID: 0}
  m_PrefabInstance: {fileID: 0}
  m_PrefabAsset: {fileID: 0}
  m_GameObject: {fileID: 2072954170652526752}
  m_LocalRotation: {x: -0, y: -0, z: -0, w: 1}
  m_LocalPosition: {x: 0, y: 0, z: 0}
  m_LocalScale: {x: 1, y: 1, z: 1}
  m_ConstrainProportionsScale: 0
  m_Children: []
  m_Father: {fileID: 2072954170739781918}
  m_RootOrder: 0
  m_LocalEulerAnglesHint: {x: 0, y: 0, z: 0}
--- !u!82 &2072954170652526753
AudioSource:
  m_ObjectHideFlags: 0
  m_CorrespondingSourceObject: {fileID: 0}
  m_PrefabInstance: {fileID: 0}
  m_PrefabAsset: {fileID: 0}
  m_GameObject: {fileID: 2072954170652526752}
  m_Enabled: 1
  serializedVersion: 4
  OutputAudioMixerGroup: {fileID: 24300001, guid: 1dd706bb85d8aef4e83a6229dbd62c36, type: 2}
  m_audioClip: {fileID: 8300000, guid: 0d04a6a048e713543b6f823c171fbd06, type: 3}
  m_PlayOnAwake: 1
  m_Volume: 0.5
  m_Pitch: 1
  Loop: 1
  Mute: 0
  Spatialize: 0
  SpatializePostEffects: 0
  Priority: 128
  DopplerLevel: 1
  MinDistance: 1
  MaxDistance: 500
  Pan2D: 0
  rolloffMode: 0
  BypassEffects: 0
  BypassListenerEffects: 0
  BypassReverbZones: 0
  rolloffCustomCurve:
    serializedVersion: 2
    m_Curve:
    - serializedVersion: 3
      time: 0
      value: 1
      inSlope: 0
      outSlope: 0
      tangentMode: 0
      weightedMode: 0
      inWeight: 0.33333334
      outWeight: 0.33333334
    - serializedVersion: 3
      time: 1
      value: 0
      inSlope: 0
      outSlope: 0
      tangentMode: 0
      weightedMode: 0
      inWeight: 0.33333334
      outWeight: 0.33333334
    m_PreInfinity: 2
    m_PostInfinity: 2
    m_RotationOrder: 4
  panLevelCustomCurve:
    serializedVersion: 2
    m_Curve:
    - serializedVersion: 3
      time: 0
      value: 0
      inSlope: 0
      outSlope: 0
      tangentMode: 0
      weightedMode: 0
      inWeight: 0.33333334
      outWeight: 0.33333334
    m_PreInfinity: 2
    m_PostInfinity: 2
    m_RotationOrder: 4
  spreadCustomCurve:
    serializedVersion: 2
    m_Curve:
    - serializedVersion: 3
      time: 0
      value: 0
      inSlope: 0
      outSlope: 0
      tangentMode: 0
      weightedMode: 0
      inWeight: 0.33333334
      outWeight: 0.33333334
    m_PreInfinity: 2
    m_PostInfinity: 2
    m_RotationOrder: 4
  reverbZoneMixCustomCurve:
    serializedVersion: 2
    m_Curve:
    - serializedVersion: 3
      time: 0
      value: 1
      inSlope: 0
      outSlope: 0
      tangentMode: 0
      weightedMode: 0
      inWeight: 0.33333334
      outWeight: 0.33333334
    m_PreInfinity: 2
    m_PostInfinity: 2
    m_RotationOrder: 4
--- !u!1 &2072954170739781916
GameObject:
  m_ObjectHideFlags: 0
  m_CorrespondingSourceObject: {fileID: 0}
  m_PrefabInstance: {fileID: 0}
  m_PrefabAsset: {fileID: 0}
  serializedVersion: 6
  m_Component:
  - component: {fileID: 2072954170739781918}
  - component: {fileID: 2072954170739781917}
  - component: {fileID: 2072954170739781919}
  m_Layer: 0
  m_Name: Master Audio Controller
  m_TagString: Untagged
  m_Icon: {fileID: 0}
  m_NavMeshLayer: 0
  m_StaticEditorFlags: 0
  m_IsActive: 1
--- !u!4 &2072954170739781918
Transform:
  m_ObjectHideFlags: 0
  m_CorrespondingSourceObject: {fileID: 0}
  m_PrefabInstance: {fileID: 0}
  m_PrefabAsset: {fileID: 0}
  m_GameObject: {fileID: 2072954170739781916}
  m_LocalRotation: {x: 0, y: 0, z: 0, w: 1}
  m_LocalPosition: {x: 0, y: 0, z: 0}
  m_LocalScale: {x: 1, y: 1, z: 1}
  m_ConstrainProportionsScale: 0
  m_Children:
  - {fileID: 2072954170652526754}
  m_Father: {fileID: 0}
  m_RootOrder: 0
  m_LocalEulerAnglesHint: {x: 0, y: 0, z: 0}
--- !u!114 &2072954170739781917
MonoBehaviour:
  m_ObjectHideFlags: 0
  m_CorrespondingSourceObject: {fileID: 0}
  m_PrefabInstance: {fileID: 0}
  m_PrefabAsset: {fileID: 0}
  m_GameObject: {fileID: 2072954170739781916}
  m_Enabled: 1
  m_EditorHideFlags: 0
  m_Script: {fileID: 11500000, guid: 64ca9fc3394b61c49877b34e3caecd36, type: 3}
  m_Name: 
  m_EditorClassIdentifier: 
  settings: []
  bgm: {fileID: 2072954170652526753}
  bgmVolume: 2
  sfxVolume: 2
  currentBGMIndex: 0
  bgmList:
  - title: Fun
    audio: {fileID: 8300000, guid: d981fcdf11a518944bac870262066b3e, type: 3}
  - title: Adventure
    audio: {fileID: 8300000, guid: d68ce84d3d3bfb74cad29f17da4ea68f, type: 3}
  - title: Groove
    audio: {fileID: 8300000, guid: cf8f33b350ad10e49af689d78a351d24, type: 3}
  - title: Arcade
    audio: {fileID: 8300000, guid: c2ef6506ed0190342882d30039b10414, type: 3}
  - title: Pizzicato
    audio: {fileID: 8300000, guid: ec4819c905962554f82739d18cedf194, type: 3}
  sfxList:
  - name: complete
    clip: {fileID: 8300000, guid: fa110be604fb75d42b49437220945105, type: 3}
    source: {fileID: 0}
  - name: teleport
    clip: {fileID: 8300000, guid: fae912347b995674bbe029aaa5813e64, type: 3}
    source: {fileID: 0}
  - name: button click
    clip: {fileID: 8300000, guid: 12a937d971e6fd2428b613695ee19c89, type: 3}
    source: {fileID: 0}
  - name: wrong answer
    clip: {fileID: 8300000, guid: 84202af0cb3a7a442a75c348f6cf6192, type: 3}
    source: {fileID: 0}
  - name: correct answer
    clip: {fileID: 8300000, guid: 3e4b2aebcc1b12646ac5823b7647baa4, type: 3}
    source: {fileID: 0}
--- !u!114 &2072954170739781919
MonoBehaviour:
  m_ObjectHideFlags: 0
  m_CorrespondingSourceObject: {fileID: 0}
  m_PrefabInstance: {fileID: 0}
  m_PrefabAsset: {fileID: 0}
  m_GameObject: {fileID: 2072954170739781916}
  m_Enabled: 1
  m_EditorHideFlags: 0
  m_Script: {fileID: 11500000, guid: 2e5b279a1a044cee9d64e0ca5d85f175, type: 3}
  m_Name: 
  m_EditorClassIdentifier: 
